{"amount": 0.00089474, "date": 1669980848, "price": 88645.63153547, "tid": 14477093, "type": "buy"}
{"amount": 0.0043286, "date": 1669980855, "price": 88641.16042865, "tid": 14477094, "type": "buy"}
{"amount": 0.00281, "date": 1669980861, "price": 88677.16176805, "tid": 14477095, "type": "buy"}
{"amount": 0.0038289, "date": 1669980861, "price": 88679.00232304, "tid": 14477096, "type": "buy"}
{"amount": 3.056e-05, "date": 1669980887, "price": 88662.87145132, "tid": 14477097, "type": "buy"}
{"amount": 0.00111626, "date": 1669980899, "price": 88697.40147412, "tid": 14477098, "type": "buy"}
{"amount": 0.0196, "date": 1669980929, "price": 88714.93122406, "tid": 14477099, "type": "buy"}
{"amount": 0.00868, "date": 1669980929, "price": 88731.49196941, "tid": 14477100, "type": "buy"}
{"amount": 0.01004969, "date": 1669980929, "price": 88750.35306659, "tid": 14477101, "type": "buy"}
{"amount": 0.00292, "date": 1669980934, "price": 88713.04923174, "tid": 14477102, "type": "buy"}
{"amount": 0.0059, "date": 1669980934, "price": 88748.91713494, "tid": 14477103, "type": "buy"}
{"amount": 0.00425, "date": 1669980934, "price": 88749.57550728, "tid": 14477104, "type": "buy"}
{"amount": 9.385e-05, "date": 1669981295, "price": 88749.57, "tid": 14477105, "type": "buy"}
{"amount": 0.00334801, "date": 1669981365, "price": 88749.57, "tid": 14477106, "type": "buy"}
{"amount": 0.0063529, "date": 1669981370, "price": 88749.57, "tid": 14477107, "type": "buy"}
{"amount": 0.00105539, "date": 1669981375, "price": 88749.57, "tid": 14477108, "type": "buy"}
{"amount": 0.00421474, "date": 1669981382, "price": 88749.57, "tid": 14477109, "type": "buy"}
{"amount": 0.00270229, "date": 1669981384, "price": 88749.57, "tid": 14477110, "type": "buy"}
{"amount": 0.00064427, "date": 1669981384, "price": 88785.93819961, "tid": 14477111, "type": "buy"}
{"amount": 0.00196634, "date": 1669981507, "price": 88653.18421001, "tid": 14477112, "type": "sell"}
{"amount": 0.00056327, "date": 1669981515, "price": 88767.37327557, "tid": 14477113, "type": "buy"}
{"amount": 0.0008449, "date": 1669981517, "price": 88766.86384016, "tid": 14477114, "type": "buy"}
{"amount": 0.00276, "date": 1669981615, "price": 88680.53905264, "tid": 14477115, "type": "buy"}
{"amount": 0.00021312, "date": 1669981615, "price": 88682.33060779, "tid": 14477116, "type": "buy"}
{"amount": 2.548e-05, "date": 1669981619, "price": 88678.80599725, "tid": 14477117, "type": "buy"}
{"amount": 0.00394, "date": 1669981623, "price": 88542.95611922, "tid": 14477118, "type": "sell"}
{"amount": 0.0207, "date": 1669981623, "price": 88542.64866746, "tid": 14477119, "type": "sell"}
{"amount": 0.00308, "date": 1669981623, "price": 88542.64866745, "tid": 14477120, "type": "sell"}
{"amount": 0.00199, "date": 1669981623, "price": 88541.18991749, "tid": 14477121, "type": "sell"}
{"amount": 0.0335441, "date": 1669981623, "price": 88539.5821, "tid": 14477122, "type": "sell"}
{"amount": 2.078e-05, "date": 1669981636, "price": 88672.36589861, "tid": 14477123, "type": "buy"}
{"amount": 0.0179, "date": 1669981647, "price": 88666.09567414, "tid": 14477124, "type": "buy"}
{"amount": 0.00393, "date": 1669981647, "price": 88666.09567415, "tid": 14477125, "type": "buy"}
{"amount": 0.00262, "date": 1669981647, "price": 88666.10054913, "tid": 14477126, "type": "buy"}
{"amount": 0.00524, "date": 1669981647, "price": 88667.78022978, "tid": 14477127, "type": "buy"}
{"amount": 0.00268, "date": 1669981647, "price": 88669.37459829, "tid": 14477128, "type": "buy"}
{"amount": 0.00415, "date": 1669981647, "price": 88669.70122195, "tid": 14477129, "type": "buy"}
{"amount": 0.0067, "date": 1669981647, "price": 88687.96827212, "tid": 14477130, "type": "buy"}
{"amount": 0.00678149, "date": 1669981647, "price": 88689.15557979, "tid": 14477131, "type": "buy"}
{"amount": 0.03382438, "date": 1669981663, "price": 88693.4, "tid": 14477132, "type": "buy"}
{"amount": 0.00048716, "date": 1669981674, "price": 88567.26364507, "tid": 14477133, "type": "sell"}
{"amount": 0.00010406, "date": 1669981728, "price": 88584.96970001, "tid": 14477134, "type": "sell"}
{"amount": 0.00122648, "date": 1669981729, "price": 88584.96970001, "tid": 14477135, "type": "sell"}
{"amount": 2.256e-05, "date": 1669981767, "price": 88584.87805812, "tid": 14477136, "type": "sell"}
{"amount": 8.752e-05, "date": 1669981800, "price": 88674.31107427, "tid": 14477137, "type": "buy"}
{"amount": 1.094e-05, "date": 1669981810, "price": 88669.68934319, "tid": 14477138, "type": "buy"}
{"amount": 0.00311, "date": 1669981836, "price": 88569.90653259, "tid": 14477139, "type": "sell"}
{"amount": 0.00841, "date": 1669981836, "price": 88568.81812225, "tid": 14477140, "type": "sell"}
{"amount": 0.0261, "date": 1669981869, "price": 88583.32178336, "tid": 14477141, "type": "sell"}
{"amount": 0.00215, "date": 1669981869, "price": 88583.32178335, "tid": 14477142, "type": "sell"}
{"amount": 0.00215, "date": 1669981869, "price": 88582.01744255, "tid": 14477143, "type": "sell"}
{"amount": 0.00412, "date": 1669981869, "price": 88567.11405608, "tid": 14477144, "type": "sell"}
{"amount": 0.06975753, "date": 1669981869, "price": 88566.04195, "tid": 14477145, "type": "sell"}
{"amount": 0.0044, "date": 1669981869, "price": 88546.13363929, "tid": 14477146, "type": "sell"}
{"amount": 0.00333, "date": 1669981869, "price": 88546.07308061, "tid": 14477147, "type": "sell"}
{"amount": 0.00326, "date": 1669981869, "price": 88544.36743757, "tid": 14477148, "type": "sell"}
{"amount": 0.00544, "date": 1669981869, "price": 88543.31629411, "tid": 14477149, "type": "sell"}
{"amount": 0.0055, "date": 1669981869, "price": 88527.09789408, "tid": 14477150, "type": "sell"}
{"amount": 0.00170557, "date": 1669981869, "price": 88525.31006716, "tid": 14477151, "type": "sell"}
{"amount": 0.0284, "date": 1669981882, "price": 88672.2633326, "tid": 14477152, "type": "buy"}
{"amount": 0.00424, "date": 1669981882, "price": 88672.26333261, "tid": 14477153, "type": "buy"}
{"amount": 0.01472531, "date": 1669981882, "price": 88672.9702047, "tid": 14477154, "type": "buy"}
{"amount": 0.00269, "date": 1669981896, "price": 88664.43117716, "tid": 14477155, "type": "buy"}
{"amount": 0.0006666, "date": 1669981896, "price": 88665.64748467, "tid": 14477156, "type": "buy"}
{"amount": 0.00271947, "date": 1669981928, "price": 88663.3381815, "tid": 14477157, "type": "buy"}
{"amount": 0.00391, "date": 1669981950, "price": 88676.06631711, "tid": 14477158, "type": "buy"}
{"amount": 0.00136135, "date": 1669981950, "price": 88677.2, "tid": 14477159, "type": "buy"}
{"amount": 0.00276, "date": 1669981956, "price": 88676.10287946, "tid": 14477160, "type": "buy"}
{"amount": 0.00222983, "date": 1669981956, "price": 88679.2, "tid": 14477161, "type": "buy"}
{"amount": 0.00257, "date": 1669982009, "price": 88658.98572961, "tid": 14477162, "type": "buy"}
{"amount": 0.00863508, "date": 1669982009, "price": 88669.3, "tid": 14477163, "type": "buy"}
{"amount": 0.00344784, "date": 1669982014, "price": 88667.9981303, "tid": 14477164, "type": "buy"}
{"amount": 0.00266, "date": 1669982079, "price": 88664.04219385, "tid": 14477165, "type": "buy"}
{"amount": 0.00292338, "date": 1669982079, "price": 88665.6, "tid": 14477166, "type": "buy"}
{"amount": 0.00169188, "date": 1669982106, "price": 88658.70069361, "tid": 14477167, "type": "buy"}
{"amount": 0.00815231, "date": 1669982312, "price": 88561.30957822, "tid": 14477168, "type": "sell"}
{"amount": 0.00111673, "date": 1669982345, "price": 88660.2, "tid": 14477169, "type": "buy"}
{"amount": 0.00011051, "date": 1669982356, "price": 88684.6, "tid": 14477170, "type": "buy"}
{"amount": 0.00255, "date": 1669982373, "price": 88673.01783495, "tid": 14477171, "type": "buy"}
{"amount": 0.00255, "date": 1669982373, "price": 88674.62170337, "tid": 14477172, "type": "buy"}
{"amount": 0.00303076, "date": 1669982373, "price": 88678.5, "tid": 14477173, "type": "buy"}
{"amount": 0.00327859, "date": 1669982400, "price": 88565.13240001, "tid": 14477174, "type": "sell"}
{"amount": 0.0056615, "date": 1669982466, "price": 88570.32840001, "tid": 14477175, "type": "sell"}
{"amount": 0.01928215, "date": 1669982481, "price": 88668.01, "tid": 14477176, "type": "buy"}
{"amount": 0.03893706, "date": 1669982499, "price": 88666.7, "tid": 14477177, "type": "buy"}
{"amount": 0.00301946, "date": 1669982507, "price": 88665.87, "tid": 14477178, "type": "buy"}
{"amount": 0.01126732, "date": 1669982511, "price": 88665.87, "tid": 14477179, "type": "buy"}
{"amount": 0.01763983, "date": 1669982516, "price": 88669.83, "tid": 14477180, "type": "buy"}
{"amount": 0.0151508, "date": 1669982554, "price": 88675, "tid": 14477181, "type": "buy"}
{"amount": 0.00211405, "date": 1669982578, "price": 88692, "tid": 14477182, "type": "buy"}
{"amount": 0.01679505, "date": 1669982606, "price": 88686.8, "tid": 14477183, "type": "buy"}
{"amount": 5.469e-05, "date": 1669982669, "price": 88682.4, "tid": 14477184, "type": "buy"}
{"amount": 0.00634353, "date": 1669982671, "price": 88672.9, "tid": 14477185, "type": "buy"}
{"amount": 0.00105741, "date": 1669982713, "price": 88659.8, "tid": 14477186, "type": "buy"}
{"amount": 0.00020243, "date": 1669982749, "price": 88570.3384, "tid": 14477187, "type": "sell"}
{"amount": 0.0078417, "date": 1669982767, "price": 88570.3384, "tid": 14477188, "type": "sell"}
{"amount": 0.00189404, "date": 1669982776, "price": 88622.1, "tid": 14477189, "type": "buy"}
{"amount": 0.00563556, "date": 1669982780, "price": 88639, "tid": 14477190, "type": "buy"}
{"amount": 0.05000116, "date": 1669982854, "price": 88634.6, "tid": 14477191, "type": "buy"}
{"amount": 0.00592992, "date": 1669982875, "price": 88663.3, "tid": 14477192, "type": "buy"}
{"amount": 2.255e-05, "date": 1669982876, "price": 88663.3, "tid": 14477193, "type": "buy"}
{"amount": 0.00463191, "date": 1669982881, "price": 88608.4, "tid": 14477194, "type": "buy"}
{"amount": 0.002255, "date": 1669982883, "price": 88608.4, "tid": 14477195, "type": "buy"}
{"amount": 0.14537156, "date": 1669982885, "price": 88612.8, "tid": 14477196, "type": "buy"}
{"amount": 0.0732038, "date": 1669982909, "price": 88716.9, "tid": 14477197, "type": "buy"}
{"amount": 9.045e-05, "date": 1669982920, "price": 88570.33840001, "tid": 14477198, "type": "sell"}
{"amount": 0.00085304, "date": 1669982945, "price": 88570.3284, "tid": 14477199, "type": "sell"}
{"amount": 2.256e-05, "date": 1669982955, "price": 88643.75999999, "tid": 14477200, "type": "buy"}
{"amount": 0.00110507, "date": 1669982999, "price": 88570.31836387, "tid": 14477201, "type": "sell"}
{"amount": 0.0041895, "date": 1669983036, "price": 88623.19963999, "tid": 14477202, "type": "buy"}
{"amount": 0.02258092, "date": 1669983067, "price": 88570.32982999, "tid": 14477203, "type": "buy"}
{"amount": 0.00062319, "date": 1669983143, "price": 88570.31836387, "tid": 14477204, "type": "sell"}
{"amount": 0.00045161, "date": 1669983169, "price": 88570.32971, "tid": 14477205, "type": "buy"}
{"amount": 0.00214733, "date": 1669983175, "price": 88570.32971, "tid": 14477206, "type": "buy"}
{"amount": 0.02455565, "date": 1669983274, "price": 88615.00994, "tid": 14477207, "type": "buy"}
{"amount": 0.00112847, "date": 1669983325, "price": 88615.01, "tid": 14477208, "type": "buy"}
{"amount": 0.01241324, "date": 1669983339, "price": 88615.01, "tid": 14477209, "type": "buy"}
{"amount": 0.00225682, "date": 1669983377, "price": 88619.99, "tid": 14477210, "type": "buy"}
{"amount": 0.01680711, "date": 1669983406, "price": 88623.2, "tid": 14477211, "type": "buy"}
{"amount": 0.019671, "date": 1669983428, "price": 88570.32000001, "tid": 14477212, "type": "sell"}
{"amount": 0.00017448, "date": 1669983463, "price": 88570.32000001, "tid": 14477213, "type": "sell"}
{"amount": 5.641e-05, "date": 1669983593, "price": 88634.99988, "tid": 14477214, "type": "buy"}
{"amount": 0.03384667, "date": 1669983614, "price": 88634.99988, "tid": 14477215, "type": "buy"}
{"amount": 1.488e-05, "date": 1669983691, "price": 88634.9997, "tid": 14477216, "type": "buy"}
{"amount": 0.00564111, "date": 1669983696, "price": 88634.9997, "tid": 14477217, "type": "buy"}
{"amount": 0.00038314, "date": 1669983717, "price": 88634.99957999, "tid": 14477218, "type": "buy"}
{"amount": 0.00033173, "date": 1669983724, "price": 88634.99945999, "tid": 14477219, "type": "buy"}
{"amount": 0.00056452, "date": 1669983772, "price": 88570.32, "tid": 14477220, "type": "sell"}
{"amount": 0.00259174, "date": 1669983772, "price": 88570.31836387, "tid": 14477221, "type": "sell"}
{"amount": 0.00223, "date": 1669983772, "price": 88568.48927429, "tid": 14477222, "type": "sell"}
{"amount": 0.00307, "date": 1669983772, "price": 88568.38514447, "tid": 14477223, "type": "sell"}
{"amount": 0.00428, "date": 1669983772, "price": 88566.4030123, "tid": 14477224, "type": "sell"}
{"amount": 0.00628, "date": 1669983772, "price": 88554.74774214, "tid": 14477225, "type": "sell"}
{"amount": 0.00628, "date": 1669983772, "price": 88553.41545118, "tid": 14477226, "type": "sell"}
{"amount": 0.00541, "date": 1669983772, "price": 88549.10035359, "tid": 14477227, "type": "sell"}
{"amount": 0.0205, "date": 1669983772, "price": 88535.99724384, "tid": 14477228, "type": "sell"}
{"amount": 0.00717, "date": 1669983772, "price": 88514.60714255, "tid": 14477229, "type": "sell"}
{"amount": 0.00963, "date": 1669983772, "price": 88512.64131463, "tid": 14477230, "type": "sell"}
{"amount": 0.01105, "date": 1669983772, "price": 88485.6701633, "tid": 14477231, "type": "sell"}
{"amount": 0.00856, "date": 1669983772, "price": 88483.90163241, "tid": 14477232, "type": "sell"}
{"amount": 0.00943, "date": 1669983772, "price": 88483.23226725, "tid": 14477233, "type": "sell"}
{"amount": 0.0107, "date": 1669983772, "price": 88482.04836054, "tid": 14477234, "type": "sell"}
{"amount": 0.0026161, "date": 1669983772, "price": 88397.1336, "tid": 14477235, "type": "sell"}
{"amount": 0.08567, "date": 1669983772, "price": 88397.13355271, "tid": 14477236, "type": "sell"}
{"amount": 0.01775697, "date": 1669983772, "price": 88396.03650893, "tid": 14477237, "type": "sell"}
{"amount": 4.591e-05, "date": 1669983846, "price": 88535.2, "tid": 14477238, "type": "buy"}
{"amount": 0.00184033, "date": 1669983912, "price": 88559.9, "tid": 14477239, "type": "buy"}
{"amount": 0.00014, "date": 1669983942, "price": 88429.55592162, "tid": 14477240, "type": "sell"}
{"amount": 0.0022575, "date": 1669983969, "price": 88593.50635153, "tid": 14477241, "type": "buy"}
{"amount": 0.01693153, "date": 1669983994, "price": 88592.09962999, "tid": 14477242, "type": "buy"}
{"amount": 0.000398, "date": 1669984010, "price": 88396.04655001, "tid": 14477243, "type": "sell"}
{"amount": 0.0175, "date": 1669984100, "price": 88400.9710485, "tid": 14477244, "type": "sell"}
{"amount": 0.01771386, "date": 1669984100, "price": 88396.03655, "tid": 14477245, "type": "sell"}
{"amount": 0.06700303, "date": 1669984100, "price": 88396.03650893, "tid": 14477246, "type": "sell"}
{"amount": 0.0706, "date": 1669984100, "price": 88393.19692196, "tid": 14477247, "type": "sell"}
{"amount": 0.05, "date": 1669984100, "price": 88331, "tid": 14477248, "type": "sell"}
{"amount": 0.00684, "date": 1669984100, "price": 88269.98750142, "tid": 14477249, "type": "sell"}
{"amount": 0.0011385, "date": 1669984100, "price": 88248.76, "tid": 14477250, "type": "sell"}
{"amount": 0.01148195, "date": 1669984100, "price": 88237.58, "tid": 14477251, "type": "sell"}
{"amount": 0.15366796, "date": 1669984100, "price": 88234.4, "tid": 14477252, "type": "sell"}
{"amount": 0.00564531, "date": 1669984117, "price": 88569.08791674, "tid": 14477253, "type": "buy"}
{"amount": 0.00023, "date": 1669984138, "price": 88401.0604, "tid": 14477254, "type": "sell"}
{"amount": 0.00568096, "date": 1669984187, "price": 88495.69999999, "tid": 14477255, "type": "buy"}
{"amount": 0.00106115, "date": 1669984199, "price": 88495.69999999, "tid": 14477256, "type": "buy"}
{"amount": 0.00225827, "date": 1669984215, "price": 88495.69999999, "tid": 14477257, "type": "buy"}
{"amount": 0.0011236, "date": 1669984239, "price": 88401.17874, "tid": 14477258, "type": "sell"}
{"amount": 0.00851143, "date": 1669984310, "price": 88402.01, "tid": 14477259, "type": "sell"}
{"amount": 0.00072511, "date": 1669984343, "price": 88495.69999999, "tid": 14477260, "type": "buy"}
{"amount": 0.00101709, "date": 1669984360, "price": 88495.69999999, "tid": 14477261, "type": "buy"}
{"amount": 0.00451598, "date": 1669984397, "price": 88495.69999999, "tid": 14477262, "type": "buy"}
{"amount": 0.00047262, "date": 1669984420, "price": 88402, "tid": 14477263, "type": "sell"}
{"amount": 0.00338999, "date": 1669984454, "price": 88495.69999999, "tid": 14477264, "type": "buy"}
{"amount": 0.00055375, "date": 1669984508, "price": 88495.69957999, "tid": 14477265, "type": "buy"}
{"amount": 0.01210542, "date": 1669984577, "price": 88402.01, "tid": 14477266, "type": "sell"}
{"amount": 0.00070054, "date": 1669984590, "price": 88402, "tid": 14477267, "type": "sell"}
{"amount": 0.00376742, "date": 1669984590, "price": 88327.64538671, "tid": 14477268, "type": "sell"}
{"amount": 0.0172, "date": 1669984601, "price": 88495.69819999, "tid": 14477269, "type": "buy"}
{"amount": 0.118267, "date": 1669984601, "price": 88495.7, "tid": 14477270, "type": "buy"}
{"amount": 0.00092207, "date": 1669984626, "price": 88531.59995, "tid": 14477271, "type": "buy"}
{"amount": 5.647e-05, "date": 1669984627, "price": 88531.59995, "tid": 14477272, "type": "buy"}
{"amount": 0.00112964, "date": 1669984651, "price": 88523.24367657, "tid": 14477273, "type": "buy"}
{"amount": 0.00339012, "date": 1669984665, "price": 88523.24367657, "tid": 14477274, "type": "buy"}
{"amount": 0.00135926, "date": 1669984751, "price": 88523.24367657, "tid": 14477275, "type": "buy"}
{"amount": 0.01912098, "date": 1669984822, "price": 88523.24367657, "tid": 14477276, "type": "buy"}
{"amount": 0.03084224, "date": 1669984822, "price": 88531.6, "tid": 14477277, "type": "buy"}
{"amount": 0.0112954, "date": 1669984865, "price": 88531.59999999, "tid": 14477278, "type": "buy"}
{"amount": 0.02231474, "date": 1669984904, "price": 88557.39999999, "tid": 14477279, "type": "buy"}
{"amount": 0.00068526, "date": 1669984906, "price": 88557.39999999, "tid": 14477280, "type": "buy"}
{"amount": 0.01399448, "date": 1669984906, "price": 88557.4, "tid": 14477281, "type": "buy"}
{"amount": 0.0327368, "date": 1669984925, "price": 88585.3, "tid": 14477282, "type": "buy"}
{"amount": 0.0001267, "date": 1669984941, "price": 88400.1321, "tid": 14477283, "type": "sell"}
{"amount": 0.00836124, "date": 1669985015, "price": 88574.7, "tid": 14477284, "type": "buy"}
{"amount": 1e-05, "date": 1669985017, "price": 88500, "tid": 14477285, "type": "buy"}
{"amount": 0.00887505, "date": 1669985017, "price": 88574.7, "tid": 14477286, "type": "buy"}
{"amount": 8.465e-05, "date": 1669985035, "price": 88597.7, "tid": 14477287, "type": "buy"}
{"amount": 0.0993251, "date": 1669985059, "price": 88608.2, "tid": 14477288, "type": "buy"}
{"amount": 0.04441321, "date": 1669985084, "price": 88648.5, "tid": 14477289, "type": "buy"}
{"amount": 0.00615675, "date": 1669985092, "price": 88657.65673845, "tid": 14477290, "type": "buy"}
{"amount": 0.0191, "date": 1669985096, "price": 88658.03862674, "tid": 14477291, "type": "buy"}
{"amount": 0.02926852, "date": 1669985096, "price": 88670.9, "tid": 14477292, "type": "buy"}
{"amount": 0.00101506, "date": 1669985117, "price": 88664.6, "tid": 14477293, "type": "buy"}
{"amount": 0.02239941, "date": 1669985137, "price": 88663.03127455, "tid": 14477294, "type": "buy"}
{"amount": 2.023e-05, "date": 1669985149, "price": 88689.4, "tid": 14477295, "type": "buy"}
{"amount": 0.0150726, "date": 1669985187, "price": 88494.73140001, "tid": 14477296, "type": "sell"}
{"amount": 1e-05, "date": 1669985206, "price": 88600, "tid": 14477297, "type": "buy"}
{"amount": 0.00563102, "date": 1669985206, "price": 88636.5, "tid": 14477298, "type": "buy"}
{"amount": 0.0011266, "date": 1669985221, "price": 88672.9, "tid": 14477299, "type": "buy"}
{"amount": 0.00999684, "date": 1669985226, "price": 88668.73234107, "tid": 14477300, "type": "buy"}
{"amount": 1e-05, "date": 1669985231, "price": 88700, "tid": 14477301, "type": "buy"}
{"amount": 0.0168995, "date": 1669985231, "price": 88707.5, "tid": 14477302, "type": "buy"}
{"amount": 0.1715, "date": 1669985328, "price": 88676.7, "tid": 14477303, "type": "buy"}
{"amount": 0.03108903, "date": 1669985328, "price": 88700, "tid": 14477304, "type": "buy"}
{"amount": 1e-05, "date": 1669985328, "price": 88700, "tid": 14477305, "type": "buy"}
{"amount": 0.00523, "date": 1669985328, "price": 88719.34176285, "tid": 14477306, "type": "buy"}
{"amount": 0.00258, "date": 1669985328, "price": 88719.76807355, "tid": 14477307, "type": "buy"}
{"amount": 0.00376, "date": 1669985328, "price": 88722.18894157, "tid": 14477308, "type": "buy"}
{"amount": 0.00396, "date": 1669985328, "price": 88723.29068705, "tid": 14477309, "type": "buy"}
{"amount": 0.34550929, "date": 1669985328, "price": 88725.9, "tid": 14477310, "type": "buy"}
{"amount": 6.565e-05, "date": 1669985355, "price": 88656.34058838, "tid": 14477311, "type": "buy"}
{"amount": 0.00241241, "date": 1669985365, "price": 88655.37924951, "tid": 14477312, "type": "buy"}
{"amount": 0.001473, "date": 1669985379, "price": 88482.9984, "tid": 14477313, "type": "sell"}
{"amount": 0.00112734, "date": 1669985409, "price": 88704.35050659, "tid": 14477314, "type": "buy"}
{"amount": 0.00056411, "date": 1669985415, "price": 88634.80260696, "tid": 14477315, "type": "buy"}
{"amount": 0.016, "date": 1669985466, "price": 88592.1, "tid": 14477316, "type": "buy"}
{"amount": 0.0205, "date": 1669985472, "price": 88595.31500726, "tid": 14477317, "type": "buy"}
{"amount": 0.0176, "date": 1669985472, "price": 88595.31500736, "tid": 14477318, "type": "buy"}
{"amount": 0.013408, "date": 1669985472, "price": 88627.9, "tid": 14477319, "type": "buy"}
{"amount": 0.00291879, "date": 1669985477, "price": 88453.22147141, "tid": 14477320, "type": "sell"}
{"amount": 0.0161, "date": 1669985497, "price": 88462.94466546, "tid": 14477321, "type": "sell"}
{"amount": 0.10526458, "date": 1669985497, "price": 88374.51531, "tid": 14477322, "type": "sell"}
{"amount": 0.01466869, "date": 1669985532, "price": 88626.32055861, "tid": 14477323, "type": "buy"}
{"amount": 0.00384671, "date": 1669985571, "price": 88631.09999, "tid": 14477324, "type": "buy"}
{"amount": 0.10136524, "date": 1669985583, "price": 88631.09999, "tid": 14477325, "type": "buy"}
{"amount": 0.04863668, "date": 1669985583, "price": 88631.1, "tid": 14477326, "type": "buy"}
{"amount": 0.0007784, "date": 1669985642, "price": 88729.2, "tid": 14477327, "type": "buy"}
{"amount": 0.00281753, "date": 1669985651, "price": 88730, "tid": 14477328, "type": "buy"}
{"amount": 0.02366554, "date": 1669985661, "price": 88749.5, "tid": 14477329, "type": "buy"}
{"amount": 0.00373721, "date": 1669985705, "price": 88751.4, "tid": 14477330, "type": "buy"}
{"amount": 0.00482295, "date": 1669985746, "price": 88763.08348768, "tid": 14477331, "type": "buy"}
{"amount": 0.00137705, "date": 1669985793, "price": 88763.08348768, "tid": 14477332, "type": "buy"}
{"amount": 0.00087613, "date": 1669985793, "price": 88763.92223428, "tid": 14477333, "type": "buy"}
{"amount": 0.00656387, "date": 1669985824, "price": 88763.92223428, "tid": 14477334, "type": "buy"}
{"amount": 0.00462717, "date": 1669985824, "price": 88764.21229559, "tid": 14477335, "type": "buy"}
{"amount": 1.126e-05, "date": 1669985870, "price": 88764.21229559, "tid": 14477336, "type": "buy"}
{"amount": 0.00442157, "date": 1669985874, "price": 88764.21229559, "tid": 14477337, "type": "buy"}
{"amount": 0.00394407, "date": 1669985874, "price": 88765.41910318, "tid": 14477338, "type": "buy"}
{"amount": 0.00028164, "date": 1669986029, "price": 88765.41910318, "tid": 14477339, "type": "buy"}
{"amount": 0.00169323, "date": 1669986066, "price": 88765.41910318, "tid": 14477340, "type": "buy"}
{"amount": 0.00114013, "date": 1669986078, "price": 88595.07848955, "tid": 14477341, "type": "sell"}
{"amount": 0.00035106, "date": 1669986099, "price": 88765.41910318, "tid": 14477342, "type": "buy"}
{"amount": 0.00202039, "date": 1669986099, "price": 88800, "tid": 14477343, "type": "buy"}
{"amount": 0.00138191, "date": 1669986134, "price": 88800, "tid": 14477344, "type": "buy"}
{"amount": 1e-05, "date": 1669986134, "price": 88800, "tid": 14477345, "type": "buy"}
{"amount": 1e-05, "date": 1669986134, "price": 88800, "tid": 14477346, "type": "buy"}
{"amount": 9.964e-05, "date": 1669986134, "price": 88800.24704423, "tid": 14477347, "type": "buy"}
{"amount": 0.01025036, "date": 1669986134, "price": 88800.24704423, "tid": 14477348, "type": "buy"}
{"amount": 0.00881331, "date": 1669986134, "price": 88801.36341465, "tid": 14477349, "type": "buy"}
{"amount": 0.00110669, "date": 1669986136, "price": 88801.36341465, "tid": 14477350, "type": "buy"}
{"amount": 1.161e-05, "date": 1669986136, "price": 88807.15644893, "tid": 14477351, "type": "buy"}
{"amount": 0.00156512, "date": 1669986142, "price": 88638.68370001, "tid": 14477352, "type": "sell"}
{"amount": 0.00856839, "date": 1669986150, "price": 88807.15644893, "tid": 14477353, "type": "buy"}
{"amount": 0.01144113, "date": 1669986150, "price": 88821.48984675, "tid": 14477354, "type": "buy"}
{"amount": 0.00177887, "date": 1669986152, "price": 88821.48984675, "tid": 14477355, "type": "buy"}
{"amount": 0.01165, "date": 1669986152, "price": 88821.50959671, "tid": 14477356, "type": "buy"}
{"amount": 0.00170186, "date": 1669986152, "price": 88822.87946609, "tid": 14477357, "type": "buy"}
{"amount": 0.00488, "date": 1669986154, "price": 88822.87946609, "tid": 14477358, "type": "buy"}
{"amount": 0.00201549, "date": 1669986157, "price": 88822.87946609, "tid": 14477359, "type": "buy"}
{"amount": 0.00407265, "date": 1669986178, "price": 88822.87946609, "tid": 14477360, "type": "buy"}
{"amount": 0.00121547, "date": 1669986178, "price": 88900, "tid": 14477361, "type": "buy"}
{"amount": 0.00049842, "date": 1669986181, "price": 88900, "tid": 14477362, "type": "buy"}
{"amount": 0.00010436, "date": 1669986197, "price": 88689.48455001, "tid": 14477363, "type": "sell"}
{"amount": 0.00562987, "date": 1669986198, "price": 88689.54675363, "tid": 14477364, "type": "sell"}
{"amount": 0.00028121, "date": 1669986207, "price": 88900, "tid": 14477365, "type": "buy"}
{"amount": 0.02220244, "date": 1669986237, "price": 88900, "tid": 14477366, "type": "buy"}
{"amount": 0.003672, "date": 1669986240, "price": 88900, "tid": 14477367, "type": "buy"}
{"amount": 1e-05, "date": 1669986240, "price": 88900, "tid": 14477368, "type": "buy"}
{"amount": 0.01692677, "date": 1669986240, "price": 88905.91148234, "tid": 14477369, "type": "buy"}
{"amount": 0.0203, "date": 1669986241, "price": 88905.76468708, "tid": 14477370, "type": "buy"}
{"amount": 0.0193, "date": 1669986241, "price": 88905.76749503, "tid": 14477371, "type": "buy"}
{"amount": 0.09814, "date": 1669986241, "price": 88918.0462298, "tid": 14477372, "type": "buy"}
{"amount": 0.0122711, "date": 1669986241, "price": 88919.13578783, "tid": 14477373, "type": "buy"}
{"amount": 0.05, "date": 1669986258, "price": 88919.13578783, "tid": 14477374, "type": "buy"}
{"amount": 0.02186506, "date": 1669986262, "price": 88919.13578783, "tid": 14477375, "type": "buy"}
{"amount": 0.0071482, "date": 1669986264, "price": 88919.13578783, "tid": 14477376, "type": "buy"}
{"amount": 0.00685564, "date": 1669986269, "price": 88919.13578783, "tid": 14477377, "type": "buy"}
{"amount": 0.01099957, "date": 1669986272, "price": 88990, "tid": 14477378, "type": "buy"}
{"amount": 3.57e-06, "date": 1669986272, "price": 89000, "tid": 14477379, "type": "buy"}
{"amount": 0.00499643, "date": 1669986277, "price": 89000, "tid": 14477380, "type": "buy"}
{"amount": 0.09460906, "date": 1669986277, "price": 89000, "tid": 14477381, "type": "buy"}
{"amount": 0.00539094, "date": 1669986281, "price": 89000, "tid": 14477382, "type": "buy"}
{"amount": 0.04229714, "date": 1669986281, "price": 89000, "tid": 14477383, "type": "buy"}
{"amount": 5.885e-05, "date": 1669986281, "price": 89000.01, "tid": 14477384, "type": "buy"}
{"amount": 3.292e-05, "date": 1669986294, "price": 88831.16526001, "tid": 14477385, "type": "sell"}
{"amount": 0.02022471, "date": 1669986297, "price": 89000.01, "tid": 14477386, "type": "buy"}
{"amount": 0.00028101, "date": 1669986362, "price": 88962.51953216, "tid": 14477387, "type": "buy"}
{"amount": 0.00186852, "date": 1669986377, "price": 89022, "tid": 14477388, "type": "buy"}
{"amount": 4.91e-05, "date": 1669986437, "price": 88788.47804224, "tid": 14477389, "type": "sell"}
{"amount": 0.0016, "date": 1669986477, "price": 89014.6355432, "tid": 14477390, "type": "buy"}
{"amount": 0.0016, "date": 1669986477, "price": 89014.63554801, "tid": 14477391, "type": "buy"}
{"amount": 0.0016, "date": 1669986477, "price": 89014.63561869, "tid": 14477392, "type": "buy"}
{"amount": 0.01011, "date": 1669986500, "price": 88831.2304, "tid": 14477393, "type": "sell"}
{"amount": 0.00184641, "date": 1669986515, "price": 88831.24056001, "tid": 14477394, "type": "sell"}
{"amount": 0.01121327, "date": 1669986522, "price": 89000, "tid": 14477395, "type": "buy"}
{"amount": 0.00111247, "date": 1669986524, "price": 89000, "tid": 14477396, "type": "buy"}
{"amount": 0.00056179, "date": 1669986548, "price": 89000, "tid": 14477397, "type": "buy"}
{"amount": 0.00282022, "date": 1669986602, "price": 89000, "tid": 14477398, "type": "buy"}
{"amount": 0.0174, "date": 1669986646, "price": 88850.03001001, "tid": 14477399, "type": "sell"}
{"amount": 0.0445, "date": 1669986646, "price": 88850.03001001, "tid": 14477400, "type": "sell"}
{"amount": 0.0781, "date": 1669986646, "price": 88850.03001, "tid": 14477401, "type": "sell"}
{"amount": 4.931e-05, "date": 1669986673, "price": 89000, "tid": 14477402, "type": "buy"}
{"amount": 0.0189, "date": 1669986682, "price": 88896.0456399, "tid": 14477403, "type": "sell"}
{"amount": 0.0509, "date": 1669986682, "price": 88851.61666298, "tid": 14477404, "type": "sell"}
{"amount": 0.003, "date": 1669986682, "price": 88850, "tid": 14477405, "type": "sell"}
{"amount": 0.01211053, "date": 1669986682, "price": 88831.15475, "tid": 14477406, "type": "sell"}
{"amount": 0.08632206, "date": 1669986682, "price": 88719.64673244, "tid": 14477407, "type": "sell"}
{"amount": 0.0228, "date": 1669986682, "price": 89065.22158838, "tid": 14477408, "type": "buy"}
{"amount": 0.00476887, "date": 1669986692, "price": 89058.08034, "tid": 14477409, "type": "buy"}
{"amount": 0.07329208, "date": 1669986700, "price": 89058.08034, "tid": 14477410, "type": "buy"}
{"amount": 2.38e-06, "date": 1669986700, "price": 89064.80823242, "tid": 14477411, "type": "buy"}
{"amount": 0.00874273, "date": 1669986707, "price": 89064.82476763, "tid": 14477412, "type": "buy"}
{"amount": 0.017, "date": 1669986716, "price": 89066.34383238, "tid": 14477413, "type": "buy"}
{"amount": 3.649e-05, "date": 1669986743, "price": 88903.90181512, "tid": 14477414, "type": "sell"}
{"amount": 0.016, "date": 1669986745, "price": 89073.65736886, "tid": 14477415, "type": "buy"}
{"amount": 0.0034, "date": 1669986745, "price": 89073.71776047, "tid": 14477416, "type": "buy"}
{"amount": 0.00388654, "date": 1669986749, "price": 89162.70706046, "tid": 14477417, "type": "buy"}
{"amount": 3.106e-05, "date": 1669986756, "price": 89176.2, "tid": 14477418, "type": "buy"}
{"amount": 0.0197, "date": 1669986772, "price": 88916.32938001, "tid": 14477419, "type": "sell"}
{"amount": 0.0200972, "date": 1669986772, "price": 88916.32938, "tid": 14477420, "type": "sell"}
{"amount": 0.00494791, "date": 1669986776, "price": 88916.33940001, "tid": 14477421, "type": "sell"}
{"amount": 0.00225526, "date": 1669986801, "price": 89075.919664, "tid": 14477422, "type": "buy"}
{"amount": 0.00140531, "date": 1669986814, "price": 89085.1235844, "tid": 14477423, "type": "buy"}
{"amount": 0.001483, "date": 1669986844, "price": 89090.24029197, "tid": 14477424, "type": "buy"}
{"amount": 0.00016836, "date": 1669986845, "price": 89090.92976762, "tid": 14477425, "type": "buy"}
{"amount": 0.01999958, "date": 1669986879, "price": 89112.68388, "tid": 14477426, "type": "buy"}
{"amount": 0.01700997, "date": 1669986891, "price": 89152.27139859, "tid": 14477427, "type": "buy"}
{"amount": 0.00118575, "date": 1669986901, "price": 88983.12676126, "tid": 14477428, "type": "sell"}
{"amount": 0.00942853, "date": 1669986924, "price": 89116.72333139, "tid": 14477429, "type": "buy"}
{"amount": 0.00927147, "date": 1669986928, "price": 89116.72333139, "tid": 14477430, "type": "buy"}
{"amount": 0.007988, "date": 1669986976, "price": 88947.58241, "tid": 14477431, "type": "sell"}
{"amount": 0.0009539, "date": 1669987042, "price": 89107.28966441, "tid": 14477432, "type": "buy"}
{"amount": 0.00112224, "date": 1669987058, "price": 89107.30990279, "tid": 14477433, "type": "buy"}
{"amount": 0.0016, "date": 1669987070, "price": 89083.52048114, "tid": 14477434, "type": "buy"}
{"amount": 0.0016, "date": 1669987070, "price": 89086.29341359, "tid": 14477435, "type": "buy"}
{"amount": 0.00129007, "date": 1669987070, "price": 89086.42481873, "tid": 14477436, "type": "buy"}
{"amount": 0.0016, "date": 1669987089, "price": 89086.48760889, "tid": 14477437, "type": "buy"}
{"amount": 0.0021876, "date": 1669987089, "price": 89120.69999, "tid": 14477438, "type": "buy"}
{"amount": 0.00271899, "date": 1669987092, "price": 88917.35145001, "tid": 14477439, "type": "sell"}
{"amount": 0.00537473, "date": 1669987097, "price": 89120.69999, "tid": 14477440, "type": "buy"}
{"amount": 0.00050926, "date": 1669987099, "price": 89120.69999, "tid": 14477441, "type": "buy"}
{"amount": 0.00229592, "date": 1669987099, "price": 89120.7, "tid": 14477442, "type": "buy"}
{"amount": 0.0001176, "date": 1669987156, "price": 89108.97524899, "tid": 14477443, "type": "buy"}
{"amount": 0.00103398, "date": 1669987170, "price": 88939.97000184, "tid": 14477444, "type": "sell"}
{"amount": 3.56e-05, "date": 1669987429, "price": 88817.64372001, "tid": 14477445, "type": "sell"}
{"amount": 0.00079583, "date": 1669987439, "price": 88975.96017517, "tid": 14477446, "type": "buy"}
{"amount": 3.371e-05, "date": 1669987440, "price": 88975.96018516, "tid": 14477447, "type": "buy"}
{"amount": 0.0016, "date": 1669987469, "price": 88911.03196365, "tid": 14477448, "type": "buy"}
{"amount": 0.00121127, "date": 1669987469, "price": 88949.8899, "tid": 14477449, "type": "buy"}
{"amount": 0.00054224, "date": 1669987471, "price": 88742.26131, "tid": 14477450, "type": "sell"}
{"amount": 0.0016, "date": 1669987513, "price": 88849.60555553, "tid": 14477451, "type": "buy"}
{"amount": 0.0016, "date": 1669987513, "price": 88849.60555555, "tid": 14477452, "type": "buy"}
{"amount": 0.0016, "date": 1669987513, "price": 88938.26555931, "tid": 14477453, "type": "buy"}
{"amount": 0.0016, "date": 1669987513, "price": 88938.28145831, "tid": 14477454, "type": "buy"}
{"amount": 0.06828247, "date": 1669987513, "price": 88938.31411, "tid": 14477455, "type": "buy"}
{"amount": 0.00890061, "date": 1669987536, "price": 88695.80256001, "tid": 14477456, "type": "sell"}
{"amount": 0.022, "date": 1669987537, "price": 88695.8126, "tid": 14477457, "type": "sell"}
{"amount": 0.0016, "date": 1669987553, "price": 88888.96513423, "tid": 14477458, "type": "buy"}
{"amount": 0.00121249, "date": 1669987553, "price": 88888.96519745, "tid": 14477459, "type": "buy"}
{"amount": 0.00054197, "date": 1669987559, "price": 88918.45988, "tid": 14477460, "type": "buy"}
{"amount": 0.00151901, "date": 1669987559, "price": 88918.45989, "tid": 14477461, "type": "buy"}
{"amount": 0.00039997, "date": 1669987607, "price": 88692.14370001, "tid": 14477462, "type": "sell"}
{"amount": 0.00026645, "date": 1669987692, "price": 88708.17973656, "tid": 14477463, "type": "sell"}
{"amount": 0.00112514, "date": 1669987697, "price": 88877.30862069, "tid": 14477464, "type": "buy"}
{"amount": 0.0016, "date": 1669987714, "price": 88890.89181966, "tid": 14477465, "type": "buy"}
{"amount": 0.00083347, "date": 1669987714, "price": 88918.46, "tid": 14477466, "type": "buy"}
{"amount": 0.00031499, "date": 1669987715, "price": 88890.89184454, "tid": 14477467, "type": "buy"}
{"amount": 0.0016, "date": 1669987719, "price": 88891.29626215, "tid": 14477468, "type": "buy"}
{"amount": 0.0016, "date": 1669987719, "price": 88891.33050935, "tid": 14477469, "type": "buy"}
{"amount": 7.498e-05, "date": 1669987719, "price": 88918.46, "tid": 14477470, "type": "buy"}
{"amount": 0.00240404, "date": 1669987752, "price": 88731.34450001, "tid": 14477471, "type": "sell"}
{"amount": 1e-05, "date": 1669987752, "price": 88900, "tid": 14477472, "type": "buy"}
{"amount": 0.0061746, "date": 1669987752, "price": 88930.6, "tid": 14477473, "type": "buy"}
{"amount": 0.0016, "date": 1669987757, "price": 88941.41151894, "tid": 14477474, "type": "buy"}
{"amount": 6.978e-05, "date": 1669987757, "price": 88963.74988, "tid": 14477475, "type": "buy"}
{"amount": 0.00393518, "date": 1669987780, "price": 88941.28031, "tid": 14477476, "type": "buy"}
{"amount": 0.0274, "date": 1669987803, "price": 88650.48911001, "tid": 14477477, "type": "sell"}
{"amount": 0.039, "date": 1669987803, "price": 88650.48911, "tid": 14477478, "type": "sell"}
{"amount": 0.0236977, "date": 1669987821, "price": 88446.60999999, "tid": 14477479, "type": "buy"}
{"amount": 0.10932353, "date": 1669987821, "price": 88446.61, "tid": 14477480, "type": "buy"}
{"amount": 0.10194, "date": 1669987822, "price": 88446.61, "tid": 14477481, "type": "buy"}
{"amount": 0.03106132, "date": 1669987822, "price": 88446.61, "tid": 14477482, "type": "buy"}
{"amount": 0.00258842, "date": 1669987826, "price": 88385.29, "tid": 14477483, "type": "buy"}
{"amount": 0.01411129, "date": 1669987830, "price": 88313, "tid": 14477484, "type": "buy"}
{"amount": 0.15000189, "date": 1669987832, "price": 88312.99999, "tid": 14477485, "type": "buy"}
{"amount": 0.15035506, "date": 1669987838, "price": 88278.82, "tid": 14477486, "type": "buy"}
{"amount": 0.0390555, "date": 1669987838, "price": 88278.82, "tid": 14477487, "type": "buy"}
{"amount": 0.10212, "date": 1669987841, "price": 88278.82, "tid": 14477488, "type": "buy"}
{"amount": 0.07952082, "date": 1669987843, "price": 88278.82, "tid": 14477489, "type": "buy"}
{"amount": 0.14795517, "date": 1669987846, "price": 88278.82, "tid": 14477490, "type": "buy"}
{"amount": 0.02753846, "date": 1669987847, "price": 88278.82, "tid": 14477491, "type": "buy"}
{"amount": 0.00022655, "date": 1669987847, "price": 88278.82, "tid": 14477492, "type": "buy"}
{"amount": 0.15007397, "date": 1669987852, "price": 88278.82, "tid": 14477493, "type": "buy"}
{"amount": 0.03905553, "date": 1669987859, "price": 88278.82, "tid": 14477494, "type": "buy"}
{"amount": 0.0389805, "date": 1669987865, "price": 88278.81999, "tid": 14477495, "type": "buy"}
{"amount": 0.01199435, "date": 1669987865, "price": 88278.82, "tid": 14477496, "type": "buy"}
{"amount": 0.18621486, "date": 1669987871, "price": 88278.82, "tid": 14477497, "type": "buy"}
{"amount": 0.06280309, "date": 1669987876, "price": 88278.82, "tid": 14477498, "type": "buy"}
{"amount": 0.05112607, "date": 1669987880, "price": 88278.82, "tid": 14477499, "type": "buy"}
{"amount": 0.0796444, "date": 1669987887, "price": 88278.82, "tid": 14477500, "type": "buy"}
{"amount": 0.04490053, "date": 1669987900, "price": 88423.8, "tid": 14477501, "type": "buy"}
{"amount": 0.02867177, "date": 1669987905, "price": 88371.09999999, "tid": 14477502, "type": "buy"}
{"amount": 0.04354391, "date": 1669987905, "price": 88371.1, "tid": 14477503, "type": "buy"}
{"amount": 5.68e-05, "date": 1669987917, "price": 88201.01000001, "tid": 14477504, "type": "sell"}
{"amount": 1e-05, "date": 1669987922, "price": 88201, "tid": 14477505, "type": "sell"}
{"amount": 0.0196, "date": 1669987922, "price": 88200.01000001, "tid": 14477506, "type": "sell"}
{"amount": 1e-05, "date": 1669987922, "price": 88200.01, "tid": 14477507, "type": "sell"}
{"amount": 0.00042, "date": 1669987922, "price": 88200, "tid": 14477508, "type": "sell"}
{"amount": 1e-05, "date": 1669987922, "price": 88200, "tid": 14477509, "type": "sell"}
{"amount": 1e-05, "date": 1669987922, "price": 88199.99, "tid": 14477510, "type": "sell"}
{"amount": 9.072e-05, "date": 1669987928, "price": 88177.46, "tid": 14477511, "type": "sell"}
{"amount": 1e-05, "date": 1669987928, "price": 88177, "tid": 14477512, "type": "sell"}
{"amount": 1e-05, "date": 1669987928, "price": 88166, "tid": 14477513, "type": "sell"}
{"amount": 0.00053087, "date": 1669987928, "price": 88161.26579935, "tid": 14477514, "type": "sell"}
{"amount": 6.356e-05, "date": 1669987936, "price": 88161.26579935, "tid": 14477515, "type": "sell"}
{"amount": 0.00039926, "date": 1669987952, "price": 88236.86393995, "tid": 14477516, "type": "buy"}
{"amount": 0.00224185, "date": 1669987982, "price": 88328.8103, "tid": 14477517, "type": "buy"}
{"amount": 0.00441462, "date": 1669988017, "price": 88161.26579935, "tid": 14477518, "type": "sell"}
{"amount": 0.000214, "date": 1669988047, "price": 88272.872, "tid": 14477519, "type": "buy"}
{"amount": 0.00018238, "date": 1669988047, "price": 88328.87827094, "tid": 14477520, "type": "buy"}
{"amount": 0.00235393, "date": 1669988049, "price": 88328.93152751, "tid": 14477521, "type": "buy"}
{"amount": 0.0021378, "date": 1669988061, "price": 88328.95163566, "tid": 14477522, "type": "buy"}
{"amount": 0.000214, "date": 1669988088, "price": 88395.191, "tid": 14477523, "type": "buy"}
{"amount": 0.0226321, "date": 1669988088, "price": 88427.16109703, "tid": 14477524, "type": "buy"}
{"amount": 0.00012324, "date": 1669988149, "price": 88274.90920855, "tid": 14477525, "type": "sell"}
{"amount": 1e-05, "date": 1669988155, "price": 88400, "tid": 14477526, "type": "buy"}
{"amount": 0.01058884, "date": 1669988155, "price": 88442.7054094, "tid": 14477527, "type": "buy"}
{"amount": 0.01222116, "date": 1669988160, "price": 88442.7054094, "tid": 14477528, "type": "buy"}
{"amount": 0.0177, "date": 1669988195, "price": 88466.78095001, "tid": 14477529, "type": "sell"}
{"amount": 0.13887853, "date": 1669988195, "price": 88466.78095, "tid": 14477530, "type": "sell"}
{"amount": 0.12105137, "date": 1669988195, "price": 88466.78091, "tid": 14477531, "type": "sell"}
{"amount": 0.02245521, "date": 1669988207, "price": 88466.79101, "tid": 14477532, "type": "sell"}
{"amount": 6.566e-05, "date": 1669988209, "price": 88635.03762, "tid": 14477533, "type": "buy"}
{"amount": 0.00112184, "date": 1669988236, "price": 88466.8211, "tid": 14477534, "type": "sell"}
{"amount": 0.01039092, "date": 1669988258, "price": 88635.05746, "tid": 14477535, "type": "buy"}
{"amount": 0.00169115, "date": 1669988391, "price": 88696.87418, "tid": 14477536, "type": "buy"}
{"amount": 0.0007902, "date": 1669988515, "price": 88255.39875, "tid": 14477537, "type": "sell"}
{"amount": 1e-05, "date": 1669988516, "price": 88400, "tid": 14477538, "type": "buy"}
{"amount": 0.00087673, "date": 1669988516, "price": 88423.15848, "tid": 14477539, "type": "buy"}
{"amount": 0.0002771, "date": 1669988527, "price": 88423.15835, "tid": 14477540, "type": "buy"}
{"amount": 0.01130925, "date": 1669988536, "price": 88423.15828, "tid": 14477541, "type": "buy"}
{"amount": 0.0109118, "date": 1669988580, "price": 88255.48890001, "tid": 14477542, "type": "sell"}
{"amount": 2.137e-05, "date": 1669988673, "price": 88282.12411332, "tid": 14477543, "type": "sell"}
{"amount": 1e-05, "date": 1669988695, "price": 88450, "tid": 14477544, "type": "buy"}
{"amount": 0.00338121, "date": 1669988695, "price": 88466.73977022, "tid": 14477545, "type": "buy"}
{"amount": 0.00035067, "date": 1669988820, "price": 88399.90254, "tid": 14477546, "type": "buy"}
{"amount": 0.0217, "date": 1669988847, "price": 88232.14395001, "tid": 14477547, "type": "sell"}
{"amount": 0.02441964, "date": 1669988847, "price": 88232.14395, "tid": 14477548, "type": "sell"}
{"amount": 0.01016836, "date": 1669988847, "price": 88232.08937893, "tid": 14477549, "type": "sell"}
{"amount": 1.964e-05, "date": 1669988878, "price": 88399.82161741, "tid": 14477550, "type": "buy"}
{"amount": 0.6060297, "date": 1669988964, "price": 88462.9744714, "tid": 14477551, "type": "buy"}
{"amount": 0.0585, "date": 1669989030, "price": 88360.06460001, "tid": 14477552, "type": "sell"}
{"amount": 0.0215, "date": 1669989030, "price": 88360.06460001, "tid": 14477553, "type": "sell"}
{"amount": 0.02, "date": 1669989030, "price": 88360.0646, "tid": 14477554, "type": "sell"}
{"amount": 0.00047318, "date": 1669989103, "price": 88360.16510001, "tid": 14477555, "type": "sell"}
{"amount": 0.00092449, "date": 1669989110, "price": 88360.17510001, "tid": 14477556, "type": "sell"}
{"amount": 0.0031729, "date": 1669989139, "price": 88360.21510001, "tid": 14477557, "type": "sell"}
{"amount": 0.017, "date": 1669989177, "price": 88360.13525001, "tid": 14477558, "type": "sell"}
{"amount": 0.01882683, "date": 1669989177, "price": 88360.13525, "tid": 14477559, "type": "sell"}
{"amount": 0.05, "date": 1669989177, "price": 88360.1352, "tid": 14477560, "type": "sell"}
{"amount": 0.0578, "date": 1669989177, "price": 88251.18680876, "tid": 14477561, "type": "sell"}
{"amount": 0.00220095, "date": 1669989177, "price": 88161.26579935, "tid": 14477562, "type": "sell"}
{"amount": 1e-05, "date": 1669989177, "price": 88155, "tid": 14477563, "type": "sell"}
{"amount": 1e-05, "date": 1669989177, "price": 88144, "tid": 14477564, "type": "sell"}
{"amount": 1e-05, "date": 1669989177, "price": 88133, "tid": 14477565, "type": "sell"}
{"amount": 1e-05, "date": 1669989177, "price": 88122, "tid": 14477566, "type": "sell"}
{"amount": 1e-05, "date": 1669989177, "price": 88111.11, "tid": 14477567, "type": "sell"}
{"amount": 1e-05, "date": 1669989177, "price": 88111, "tid": 14477568, "type": "sell"}
{"amount": 1e-05, "date": 1669989177, "price": 88100, "tid": 14477569, "type": "sell"}
{"amount": 1e-05, "date": 1669989177, "price": 88099.99, "tid": 14477570, "type": "sell"}
{"amount": 0.08020611, "date": 1669989177, "price": 88081.52336, "tid": 14477571, "type": "sell"}
{"amount": 0.00232358, "date": 1669989204, "price": 88490.65625839, "tid": 14477572, "type": "buy"}
{"amount": 0.02718014, "date": 1669989220, "price": 88322.81385001, "tid": 14477573, "type": "sell"}
{"amount": 0.02172849, "date": 1669989220, "price": 88322.81385, "tid": 14477574, "type": "sell"}
{"amount": 0.05, "date": 1669989220, "price": 88322.8138, "tid": 14477575, "type": "sell"}
{"amount": 0.018, "date": 1669989220, "price": 88322.66461406, "tid": 14477576, "type": "sell"}
{"amount": 0.0283, "date": 1669989220, "price": 88322.66184001, "tid": 14477577, "type": "sell"}
{"amount": 0.0654, "date": 1669989220, "price": 88234.25788844, "tid": 14477578, "type": "sell"}
{"amount": 0.01553339, "date": 1669989220, "price": 88234.25511577, "tid": 14477579, "type": "sell"}
{"amount": 0.00029069, "date": 1669989227, "price": 88443.55475955, "tid": 14477580, "type": "buy"}
{"amount": 0.01060116, "date": 1669989237, "price": 88420.30166, "tid": 14477581, "type": "buy"}
{"amount": 0.01637008, "date": 1669989246, "price": 88372.9971978, "tid": 14477582, "type": "buy"}
{"amount": 0.27040912, "date": 1669989253, "price": 88372.99052307, "tid": 14477583, "type": "buy"}
{"amount": 0.00033947, "date": 1669989258, "price": 88372.98560744, "tid": 14477584, "type": "buy"}
{"amount": 0.2270362, "date": 1669989260, "price": 88372.98560744, "tid": 14477585, "type": "buy"}
{"amount": 0.04361345, "date": 1669989264, "price": 88372.98348136, "tid": 14477586, "type": "buy"}
{"amount": 0.0202, "date": 1669989272, "price": 88377.51227578, "tid": 14477587, "type": "buy"}
{"amount": 0.0183, "date": 1669989281, "price": 88447.96631508, "tid": 14477588, "type": "buy"}
{"amount": 0.23193284, "date": 1669989281, "price": 88450.19314983, "tid": 14477589, "type": "buy"}
{"amount": 0.14207115, "date": 1669989299, "price": 88450.17314272, "tid": 14477590, "type": "buy"}
{"amount": 0.0006804, "date": 1669989302, "price": 88527.74, "tid": 14477591, "type": "buy"}
{"amount": 1e-05, "date": 1669989302, "price": 88550, "tid": 14477592, "type": "buy"}
{"amount": 0.00043903, "date": 1669989302, "price": 88557.79257432, "tid": 14477593, "type": "buy"}
{"amount": 0.008125, "date": 1669989303, "price": 88540.99716606, "tid": 14477594, "type": "buy"}
{"amount": 0.12040094, "date": 1669989400, "price": 88467.95933, "tid": 14477595, "type": "buy"}
{"amount": 0.0183, "date": 1669989400, "price": 88467.96961914, "tid": 14477596, "type": "buy"}
{"amount": 0.00259314, "date": 1669989400, "price": 88467.97850258, "tid": 14477597, "type": "buy"}
{"amount": 0.07916, "date": 1669989470, "price": 88300.17011, "tid": 14477598, "type": "sell"}
{"amount": 0.00113094, "date": 1669989545, "price": 88421.37201785, "tid": 14477599, "type": "buy"}
{"amount": 0.07912042, "date": 1669989605, "price": 88300, "tid": 14477600, "type": "sell"}
{"amount": 0.00022195, "date": 1669989635, "price": 88316.64198885, "tid": 14477601, "type": "buy"}
{"amount": 0.00359, "date": 1669989664, "price": 88300.00000001, "tid": 14477602, "type": "buy"}
{"amount": 0.00229, "date": 1669989664, "price": 88300.00000001, "tid": 14477603, "type": "buy"}
{"amount": 0.00347, "date": 1669989664, "price": 88300.00000001, "tid": 14477604, "type": "buy"}
{"amount": 0.00423824, "date": 1669989664, "price": 88337.2082423, "tid": 14477605, "type": "buy"}
{"amount": 0.02620823, "date": 1669989802, "price": 88300, "tid": 14477606, "type": "sell"}
{"amount": 0.0192, "date": 1669989874, "price": 88210.16150475, "tid": 14477607, "type": "buy"}
{"amount": 0.00235, "date": 1669989874, "price": 88210.16150476, "tid": 14477608, "type": "buy"}
{"amount": 0.0244, "date": 1669989874, "price": 88210.2395562, "tid": 14477609, "type": "buy"}
{"amount": 0.00357, "date": 1669989874, "price": 88210.23955621, "tid": 14477610, "type": "buy"}
{"amount": 0.05181861, "date": 1669989874, "price": 88211.94356, "tid": 14477611, "type": "buy"}
{"amount": 0.0068026, "date": 1669989927, "price": 88201.54558, "tid": 14477612, "type": "buy"}
{"amount": 0.00028344, "date": 1669989948, "price": 88200.1168408, "tid": 14477613, "type": "buy"}
{"amount": 0.00113378, "date": 1669989971, "price": 88200.10999999, "tid": 14477614, "type": "buy"}
{"amount": 0.00028347, "date": 1669989990, "price": 88190.11979855, "tid": 14477615, "type": "buy"}
{"amount": 0.00224535, "date": 1669990020, "price": 88190.99161554, "tid": 14477616, "type": "buy"}
{"amount": 0.00039686, "date": 1669990028, "price": 88190.97804999, "tid": 14477617, "type": "buy"}
{"amount": 0.00323313, "date": 1669990094, "price": 88162.08489318, "tid": 14477618, "type": "buy"}
{"amount": 0.0243, "date": 1669990226, "price": 88141.10234999, "tid": 14477619, "type": "buy"}
{"amount": 0.0256183, "date": 1669990226, "price": 88146.8, "tid": 14477620, "type": "buy"}
{"amount": 0.00014173, "date": 1669990246, "price": 88024.42898331, "tid": 14477621, "type": "sell"}
{"amount": 0.0010782, "date": 1669990275, "price": 88146.53164999, "tid": 14477622, "type": "buy"}
{"amount": 0.00567498, "date": 1669990323, "price": 88105.9, "tid": 14477623, "type": "buy"}
{"amount": 0.00113497, "date": 1669990344, "price": 88108, "tid": 14477624, "type": "buy"}
{"amount": 0.00061387, "date": 1669990369, "price": 88095.6, "tid": 14477625, "type": "buy"}
{"amount": 0.00113542, "date": 1669990375, "price": 88072.6, "tid": 14477626, "type": "buy"}
{"amount": 0.02431722, "date": 1669990397, "price": 88077.5, "tid": 14477627, "type": "buy"}
{"amount": 0.04284181, "date": 1669990400, "price": 88077.5, "tid": 14477628, "type": "buy"}
{"amount": 0.00120281, "date": 1669990404, "price": 88077.5, "tid": 14477629, "type": "buy"}
{"amount": 0.00364, "date": 1669990406, "price": 88045.31705537, "tid": 14477630, "type": "sell"}
{"amount": 0.0024, "date": 1669990406, "price": 88043.76047985, "tid": 14477631, "type": "sell"}
{"amount": 0.00495, "date": 1669990406, "price": 88042.2784381, "tid": 14477632, "type": "sell"}
{"amount": 0.00131, "date": 1669990406, "price": 88039.76894862, "tid": 14477633, "type": "sell"}
{"amount": 0.004, "date": 1669990422, "price": 88061.8, "tid": 14477634, "type": "buy"}
{"amount": 4.406e-05, "date": 1669990424, "price": 88061.8, "tid": 14477635, "type": "buy"}
{"amount": 0.09018909, "date": 1669990482, "price": 88081.6, "tid": 14477636, "type": "buy"}
{"amount": 0.0009081, "date": 1669990537, "price": 88172.39999999, "tid": 14477637, "type": "buy"}
{"amount": 0.00101787, "date": 1669990572, "price": 88200.11, "tid": 14477638, "type": "buy"}
{"amount": 0.00454213, "date": 1669990590, "price": 88200.11, "tid": 14477639, "type": "buy"}
{"amount": 0.00679241, "date": 1669990590, "price": 88243.03136567, "tid": 14477640, "type": "buy"}
{"amount": 0.00378925, "date": 1669990630, "price": 88262.47110649, "tid": 14477641, "type": "buy"}
{"amount": 0.00158052, "date": 1669990668, "price": 88266.39999999, "tid": 14477642, "type": "buy"}
{"amount": 0.02741948, "date": 1669990691, "price": 88266.39999999, "tid": 14477643, "type": "buy"}
{"amount": 0.0291712, "date": 1669990691, "price": 88266.4, "tid": 14477644, "type": "buy"}
{"amount": 0.0034, "date": 1669990718, "price": 88210.54069307, "tid": 14477645, "type": "sell"}
{"amount": 0.00271882, "date": 1669990718, "price": 88210.48575538, "tid": 14477646, "type": "sell"}
{"amount": 0.00560653, "date": 1669990727, "price": 88298.68832517, "tid": 14477647, "type": "buy"}
{"amount": 0.00332, "date": 1669990745, "price": 88196.20850762, "tid": 14477648, "type": "sell"}
{"amount": 0.00477, "date": 1669990745, "price": 88195.52537461, "tid": 14477649, "type": "sell"}
{"amount": 0.00224, "date": 1669990745, "price": 88195.3956238, "tid": 14477650, "type": "sell"}
{"amount": 0.00472, "date": 1669990745, "price": 88194.43066001, "tid": 14477651, "type": "sell"}
{"amount": 0.00241, "date": 1669990745, "price": 88192.80260597, "tid": 14477652, "type": "sell"}
{"amount": 0.00578, "date": 1669990745, "price": 88191.98132527, "tid": 14477653, "type": "sell"}
{"amount": 0.05, "date": 1669990745, "price": 88191.0201, "tid": 14477654, "type": "sell"}
{"amount": 0.03433491, "date": 1669990745, "price": 88182.86684, "tid": 14477655, "type": "sell"}
{"amount": 0.00665, "date": 1669990745, "price": 88164.16796815, "tid": 14477656, "type": "sell"}
{"amount": 0.00603, "date": 1669990745, "price": 88164.14933471, "tid": 14477657, "type": "sell"}
{"amount": 0.0164, "date": 1669990745, "price": 88142.2538049, "tid": 14477658, "type": "sell"}
{"amount": 0.00841635, "date": 1669990745, "price": 88142.25380489, "tid": 14477659, "type": "sell"}
{"amount": 0.00229919, "date": 1669990757, "price": 88291.77435328, "tid": 14477660, "type": "buy"}
{"amount": 0.00055509, "date": 1669990785, "price": 88281.63289458, "tid": 14477661, "type": "buy"}
{"amount": 0.00012461, "date": 1669990818, "price": 88271.35712389, "tid": 14477662, "type": "buy"}
{"amount": 8.792e-05, "date": 1669990824, "price": 88269.86512996, "tid": 14477663, "type": "buy"}
{"amount": 0.0056618, "date": 1669990844, "price": 88219.89999999, "tid": 14477664, "type": "buy"}
{"amount": 0.0005781, "date": 1669990854, "price": 88219.89999999, "tid": 14477665, "type": "buy"}
{"amount": 0.00228034, "date": 1669990895, "price": 88122.7, "tid": 14477666, "type": "buy"}
{"amount": 0.00015791, "date": 1669990905, "price": 88134, "tid": 14477667, "type": "buy"}
{"amount": 0.00215, "date": 1669990907, "price": 88100.28205274, "tid": 14477668, "type": "sell"}
{"amount": 0.00367978, "date": 1669990907, "price": 88099.14477, "tid": 14477669, "type": "sell"}
{"amount": 0.00113447, "date": 1669990957, "price": 88146.60544275, "tid": 14477670, "type": "buy"}
{"amount": 0.00051935, "date": 1669990966, "price": 88052.47345128, "tid": 14477671, "type": "sell"}
{"amount": 0.00511411, "date": 1669990971, "price": 88147.9, "tid": 14477672, "type": "buy"}
{"amount": 0.00541942, "date": 1669990976, "price": 88083.2, "tid": 14477673, "type": "buy"}
{"amount": 0.03614759, "date": 1669990990, "price": 88084, "tid": 14477674, "type": "buy"}
{"amount": 0.09185807, "date": 1669990996, "price": 88128.04, "tid": 14477675, "type": "sell"}
{"amount": 0.00436, "date": 1669991002, "price": 88068.66367286, "tid": 14477676, "type": "sell"}
{"amount": 0.00512, "date": 1669991002, "price": 88067.00228424, "tid": 14477677, "type": "sell"}
{"amount": 0.00205, "date": 1669991002, "price": 88066.38573482, "tid": 14477678, "type": "sell"}
{"amount": 0.0032, "date": 1669991002, "price": 88066.34846794, "tid": 14477679, "type": "sell"}
{"amount": 0.00414, "date": 1669991002, "price": 88064.7010544, "tid": 14477680, "type": "sell"}
{"amount": 0.00608, "date": 1669991002, "price": 88047.82537062, "tid": 14477681, "type": "sell"}
{"amount": 0.01016344, "date": 1669991002, "price": 88046.3969, "tid": 14477682, "type": "sell"}
{"amount": 0.00701, "date": 1669991002, "price": 88038.45804433, "tid": 14477683, "type": "sell"}
{"amount": 0.00648, "date": 1669991002, "price": 88036.72678031, "tid": 14477684, "type": "sell"}
{"amount": 0.00748, "date": 1669991002, "price": 88036.47687476, "tid": 14477685, "type": "sell"}
{"amount": 0.05762931, "date": 1669991002, "price": 88027, "tid": 14477686, "type": "sell"}
{"amount": 0.01183116, "date": 1669991003, "price": 88112.3, "tid": 14477687, "type": "buy"}
{"amount": 0.00260923, "date": 1669991008, "price": 88148.38915344, "tid": 14477688, "type": "buy"}
{"amount": 0.00125395, "date": 1669991019, "price": 88119.2, "tid": 14477689, "type": "buy"}
{"amount": 0.00113396, "date": 1669991031, "price": 88146.1, "tid": 14477690, "type": "buy"}
{"amount": 0.00123557, "date": 1669991037, "price": 88146.1, "tid": 14477691, "type": "buy"}
{"amount": 0.01133109, "date": 1669991051, "price": 88169.18582427, "tid": 14477692, "type": "buy"}
{"amount": 0.0029, "date": 1669991064, "price": 88073.98493087, "tid": 14477693, "type": "sell"}
{"amount": 0.00181, "date": 1669991064, "price": 88072.53316846, "tid": 14477694, "type": "sell"}
{"amount": 0.05, "date": 1669991064, "price": 88069.6131, "tid": 14477695, "type": "sell"}
{"amount": 0.02015836, "date": 1669991064, "price": 88068.57055, "tid": 14477696, "type": "sell"}
{"amount": 0.017, "date": 1669991064, "price": 88043.03022467, "tid": 14477697, "type": "sell"}
{"amount": 0.00359, "date": 1669991064, "price": 88043.03022466, "tid": 14477698, "type": "sell"}
{"amount": 0.00269, "date": 1669991064, "price": 88041.08234689, "tid": 14477699, "type": "sell"}
{"amount": 0.00469, "date": 1669991064, "price": 88040.44113911, "tid": 14477700, "type": "sell"}
{"amount": 0.00569, "date": 1669991064, "price": 88027.98592642, "tid": 14477701, "type": "sell"}
{"amount": 0.00720457, "date": 1669991064, "price": 88027, "tid": 14477702, "type": "sell"}
{"amount": 0.00291851, "date": 1669991069, "price": 88167.41839397, "tid": 14477703, "type": "buy"}
{"amount": 0.00576244, "date": 1669991116, "price": 88166.02146215, "tid": 14477704, "type": "buy"}
{"amount": 0.02183756, "date": 1669991121, "price": 88166.02146215, "tid": 14477705, "type": "buy"}
{"amount": 0.12240434, "date": 1669991121, "price": 88169.3, "tid": 14477706, "type": "buy"}
{"amount": 0.00015537, "date": 1669991168, "price": 88174.6741113, "tid": 14477707, "type": "buy"}
{"amount": 0.00906145, "date": 1669991193, "price": 88170.97106389, "tid": 14477708, "type": "buy"}
{"amount": 0.00226745, "date": 1669991217, "price": 88204.74133069, "tid": 14477709, "type": "buy"}
{"amount": 0.00283435, "date": 1669991247, "price": 88203.54183556, "tid": 14477710, "type": "buy"}
{"amount": 0.06990155, "date": 1669991258, "price": 88209.2, "tid": 14477711, "type": "buy"}
{"amount": 0.00305, "date": 1669991263, "price": 88207.56906915, "tid": 14477712, "type": "buy"}
{"amount": 0.0193, "date": 1669991263, "price": 88241.67486324, "tid": 14477713, "type": "buy"}
{"amount": 0.00591, "date": 1669991263, "price": 88241.67486325, "tid": 14477714, "type": "buy"}
{"amount": 0.00438, "date": 1669991263, "price": 88241.91129978, "tid": 14477715, "type": "buy"}
{"amount": 0.00143494, "date": 1669991263, "price": 88250.33601536, "tid": 14477716, "type": "buy"}
{"amount": 0.00294, "date": 1669991269, "price": 88238.84468731, "tid": 14477717, "type": "buy"}
{"amount": 0.04302703, "date": 1669991269, "price": 88258.9, "tid": 14477718, "type": "buy"}
{"amount": 0.54557297, "date": 1669991270, "price": 88258.9, "tid": 14477719, "type": "buy"}
{"amount": 0.0041, "date": 1669991270, "price": 88269.07239377, "tid": 14477720, "type": "buy"}
{"amount": 0.00446, "date": 1669991270, "price": 88270.34988858, "tid": 14477721, "type": "buy"}
{"amount": 0.00754, "date": 1669991270, "price": 88272.08806899, "tid": 14477722, "type": "buy"}
{"amount": 0.0008742, "date": 1669991270, "price": 88273.68, "tid": 14477723, "type": "buy"}
{"amount": 0.00226576, "date": 1669991285, "price": 88270.28432639, "tid": 14477724, "type": "buy"}
{"amount": 0.004, "date": 1669991441, "price": 88270.28, "tid": 14477725, "type": "buy"}
{"amount": 0.07156911, "date": 1669991441, "price": 88322.6, "tid": 14477726, "type": "buy"}
{"amount": 1.284e-05, "date": 1669991507, "price": 88384.74820278, "tid": 14477727, "type": "buy"}
{"amount": 0.0013857, "date": 1669991517, "price": 88246.57788001, "tid": 14477728, "type": "sell"}
{"amount": 0.00201667, "date": 1669991527, "price": 88372.20312894, "tid": 14477729, "type": "buy"}
{"amount": 0.00017106, "date": 1669991552, "price": 88387.30294237, "tid": 14477730, "type": "buy"}
{"amount": 0.00429, "date": 1669991580, "price": 88426.01956165, "tid": 14477731, "type": "buy"}
{"amount": 0.00018876, "date": 1669991580, "price": 88427.1386196, "tid": 14477732, "type": "buy"}
{"amount": 0.00489, "date": 1669991584, "price": 88286.12155047, "tid": 14477733, "type": "sell"}
{"amount": 0.00092493, "date": 1669991584, "price": 88284.70938411, "tid": 14477734, "type": "sell"}
{"amount": 0.0178, "date": 1669991597, "price": 88294.40822139, "tid": 14477735, "type": "sell"}
{"amount": 0.00295, "date": 1669991597, "price": 88294.40822138, "tid": 14477736, "type": "sell"}
{"amount": 0.00195, "date": 1669991597, "price": 88293.10785565, "tid": 14477737, "type": "sell"}
{"amount": 0.0028, "date": 1669991597, "price": 88292.0660289, "tid": 14477738, "type": "sell"}
{"amount": 0.0045, "date": 1669991597, "price": 88288.6904, "tid": 14477739, "type": "sell"}
{"amount": 0.00011536, "date": 1669991601, "price": 88434.13292584, "tid": 14477740, "type": "buy"}
{"amount": 0.0202, "date": 1669991609, "price": 88430.27144158, "tid": 14477741, "type": "buy"}
{"amount": 0.00267, "date": 1669991609, "price": 88430.27144159, "tid": 14477742, "type": "buy"}
{"amount": 0.00540086, "date": 1669991609, "price": 88430.27875406, "tid": 14477743, "type": "buy"}
{"amount": 0.00556, "date": 1669991650, "price": 88433.83873969, "tid": 14477744, "type": "buy"}
{"amount": 0.0043, "date": 1669991650, "price": 88434.1775508, "tid": 14477745, "type": "buy"}
{"amount": 0.00269, "date": 1669991650, "price": 88435.43554568, "tid": 14477746, "type": "buy"}
{"amount": 0.00687, "date": 1669991650, "price": 88443.53070001, "tid": 14477747, "type": "buy"}
{"amount": 0.00319449, "date": 1669991650, "price": 88446.6, "tid": 14477748, "type": "buy"}
{"amount": 3.698e-05, "date": 1669991818, "price": 88418.17, "tid": 14477749, "type": "buy"}
{"amount": 0.00026343, "date": 1669991899, "price": 88435.27175297, "tid": 14477750, "type": "buy"}
{"amount": 0.00091787, "date": 1669991959, "price": 88287.71140289, "tid": 14477751, "type": "sell"}
{"amount": 8.597e-05, "date": 1669991978, "price": 88486.54, "tid": 14477752, "type": "buy"}
{"amount": 0.00053406, "date": 1669991978, "price": 88526.19, "tid": 14477753, "type": "buy"}
{"amount": 0.01129179, "date": 1669992010, "price": 88558.11938214, "tid": 14477754, "type": "buy"}
{"amount": 0.00040651, "date": 1669992010, "price": 88557.32963539, "tid": 14477755, "type": "buy"}
{"amount": 0.01129212, "date": 1669992012, "price": 88557.32963538, "tid": 14477756, "type": "buy"}
{"amount": 0.0273, "date": 1669992025, "price": 88378.30211535, "tid": 14477757, "type": "sell"}
{"amount": 0.00317, "date": 1669992025, "price": 88378.30211534, "tid": 14477758, "type": "sell"}
{"amount": 0.0266, "date": 1669992025, "price": 88377.78736657, "tid": 14477759, "type": "sell"}
{"amount": 0.00206, "date": 1669992025, "price": 88377.78736656, "tid": 14477760, "type": "sell"}
{"amount": 0.05, "date": 1669992025, "price": 88376.6314, "tid": 14477761, "type": "sell"}
{"amount": 0.0648, "date": 1669992025, "price": 88372.55632309, "tid": 14477762, "type": "sell"}
{"amount": 0.00396, "date": 1669992025, "price": 88325.97859534, "tid": 14477763, "type": "sell"}
{"amount": 0.00827, "date": 1669992025, "price": 88321.81541616, "tid": 14477764, "type": "sell"}
{"amount": 0.0050846, "date": 1669992025, "price": 88320.08182297, "tid": 14477765, "type": "sell"}
{"amount": 0.0178, "date": 1669992078, "price": 88471.71416661, "tid": 14477766, "type": "buy"}
{"amount": 0.01115999, "date": 1669992080, "price": 88484.29644241, "tid": 14477767, "type": "buy"}
{"amount": 0.00335984, "date": 1669992146, "price": 88405.83416323, "tid": 14477768, "type": "buy"}
{"amount": 0.00575557, "date": 1669992368, "price": 88345.56922143, "tid": 14477769, "type": "buy"}
{"amount": 0.00287, "date": 1669992402, "price": 88384.1356626, "tid": 14477770, "type": "buy"}
{"amount": 0.01358287, "date": 1669992402, "price": 88385.5350319, "tid": 14477771, "type": "buy"}
{"amount": 0.00030175, "date": 1669992406, "price": 88382.05867107, "tid": 14477772, "type": "buy"}
{"amount": 0.00056572, "date": 1669992409, "price": 88381.7927346, "tid": 14477773, "type": "buy"}
{"amount": 0.0187, "date": 1669992575, "price": 88306.68022805, "tid": 14477774, "type": "buy"}
{"amount": 0.00283, "date": 1669992575, "price": 88340.48138272, "tid": 14477775, "type": "buy"}
{"amount": 0.00526, "date": 1669992575, "price": 88341.885627, "tid": 14477776, "type": "buy"}
{"amount": 0.00407, "date": 1669992575, "price": 88341.99531405, "tid": 14477777, "type": "buy"}
{"amount": 0.00277, "date": 1669992575, "price": 88342.98518503, "tid": 14477778, "type": "buy"}
{"amount": 0.00664, "date": 1669992575, "price": 88361.54408173, "tid": 14477779, "type": "buy"}
{"amount": 0.0054661, "date": 1669992575, "price": 88362.83838892, "tid": 14477780, "type": "buy"}
{"amount": 8.582e-05, "date": 1669992648, "price": 88324.11576179, "tid": 14477781, "type": "buy"}
{"amount": 0.0189, "date": 1669992673, "price": 88227.8273452, "tid": 14477782, "type": "sell"}
{"amount": 0.00212, "date": 1669992673, "price": 88227.82734519, "tid": 14477783, "type": "sell"}
{"amount": 0.00254474, "date": 1669992673, "price": 88225, "tid": 14477784, "type": "sell"}
{"amount": 0.00434, "date": 1669992673, "price": 88202.72883634, "tid": 14477785, "type": "sell"}
{"amount": 0.00309, "date": 1669992673, "price": 88202.6869111, "tid": 14477786, "type": "sell"}
{"amount": 0.00340136, "date": 1669992673, "price": 88200, "tid": 14477787, "type": "sell"}
{"amount": 0.00407, "date": 1669992673, "price": 88175.88656951, "tid": 14477788, "type": "sell"}
{"amount": 0.00645, "date": 1669992673, "price": 88175.56445939, "tid": 14477789, "type": "sell"}
{"amount": 0.00537, "date": 1669992673, "price": 88174.40685693, "tid": 14477790, "type": "sell"}
{"amount": 0.049714, "date": 1669992673, "price": 88160.97546005, "tid": 14477791, "type": "sell"}
{"amount": 0.00302, "date": 1669992674, "price": 88204.19457384, "tid": 14477792, "type": "sell"}
{"amount": 0.0020849, "date": 1669992674, "price": 88160.97546005, "tid": 14477793, "type": "sell"}
{"amount": 0.0178, "date": 1669992709, "price": 88298.45499132, "tid": 14477794, "type": "buy"}
{"amount": 0.00269, "date": 1669992709, "price": 88298.45499133, "tid": 14477795, "type": "buy"}
{"amount": 0.00556, "date": 1669992709, "price": 88298.47936623, "tid": 14477796, "type": "buy"}
{"amount": 0.00395, "date": 1669992709, "price": 88298.6085532, "tid": 14477797, "type": "buy"}
{"amount": 0.00688, "date": 1669992709, "price": 88298.72555272, "tid": 14477798, "type": "buy"}
{"amount": 0.00284, "date": 1669992709, "price": 88300.61485752, "tid": 14477799, "type": "buy"}
{"amount": 0.01136, "date": 1669992709, "price": 88334.21652813, "tid": 14477800, "type": "buy"}
{"amount": 0.01004, "date": 1669992709, "price": 88334.3113402, "tid": 14477801, "type": "buy"}
{"amount": 0.00835, "date": 1669992709, "price": 88335.07914955, "tid": 14477802, "type": "buy"}
{"amount": 0.01089, "date": 1669992709, "price": 88335.82039655, "tid": 14477803, "type": "buy"}
{"amount": 0.01021929, "date": 1669992709, "price": 88347.41199972, "tid": 14477804, "type": "buy"}
{"amount": 0.00784931, "date": 1669992719, "price": 88296.85843537, "tid": 14477805, "type": "buy"}
{"amount": 0.00112133, "date": 1669992720, "price": 88296.85843537, "tid": 14477806, "type": "buy"}
{"amount": 0.00027748, "date": 1669992764, "price": 88301.18901041, "tid": 14477807, "type": "buy"}
{"amount": 0.01132487, "date": 1669992770, "price": 88301.18901041, "tid": 14477808, "type": "buy"}
{"amount": 0.00282895, "date": 1669992835, "price": 88371.97310554, "tid": 14477809, "type": "buy"}
{"amount": 5.001e-05, "date": 1669992935, "price": 88365.42982262, "tid": 14477810, "type": "buy"}
{"amount": 0.00113186, "date": 1669993019, "price": 88350, "tid": 14477811, "type": "buy"}
{"amount": 0.00339558, "date": 1669993040, "price": 88350, "tid": 14477812, "type": "buy"}
{"amount": 0.00961763, "date": 1669993064, "price": 88350, "tid": 14477813, "type": "buy"}
{"amount": 0.00219, "date": 1669993085, "price": 88308.87430624, "tid": 14477814, "type": "sell"}
{"amount": 0.00111, "date": 1669993085, "price": 88299.58212, "tid": 14477815, "type": "sell"}
{"amount": 0.0067422, "date": 1669993253, "price": 88199.42325, "tid": 14477816, "type": "sell"}
{"amount": 0.00169833, "date": 1669993398, "price": 88321.95482999, "tid": 14477817, "type": "buy"}
{"amount": 0.00055094, "date": 1669993422, "price": 88226.66575, "tid": 14477818, "type": "sell"}
{"amount": 0.05, "date": 1669993444, "price": 88226.6758, "tid": 14477819, "type": "sell"}
{"amount": 0.00561273, "date": 1669993522, "price": 88199.42005, "tid": 14477820, "type": "sell"}
{"amount": 0.00334498, "date": 1669993538, "price": 88225.99999, "tid": 14477821, "type": "buy"}
{"amount": 0.00339385, "date": 1669993545, "price": 88225.99999, "tid": 14477822, "type": "buy"}
{"amount": 0.00226769, "date": 1669993545, "price": 88226, "tid": 14477823, "type": "buy"}
{"amount": 0.00566726, "date": 1669993545, "price": 88226, "tid": 14477824, "type": "buy"}
{"amount": 0.00044436, "date": 1669993649, "price": 88202.71652298, "tid": 14477825, "type": "sell"}
{"amount": 0.00066505, "date": 1669993662, "price": 88226, "tid": 14477826, "type": "buy"}
{"amount": 0.01933777, "date": 1669993662, "price": 88226.67, "tid": 14477827, "type": "buy"}
{"amount": 0.00051315, "date": 1669993666, "price": 88226.67, "tid": 14477828, "type": "buy"}
{"amount": 0.01933893, "date": 1669993666, "price": 88236.76937975, "tid": 14477829, "type": "buy"}
{"amount": 0.00976107, "date": 1669993667, "price": 88236.76937975, "tid": 14477830, "type": "buy"}
{"amount": 0.01434892, "date": 1669993667, "price": 88240, "tid": 14477831, "type": "buy"}
{"amount": 0.00065108, "date": 1669993672, "price": 88240, "tid": 14477832, "type": "buy"}
{"amount": 0.00064816, "date": 1669993677, "price": 88307.35276243, "tid": 14477833, "type": "sell"}
{"amount": 0.02710583, "date": 1669993688, "price": 88307.35276244, "tid": 14477834, "type": "buy"}
{"amount": 0.03899417, "date": 1669993691, "price": 88307.35276244, "tid": 14477835, "type": "buy"}
{"amount": 0.00085493, "date": 1669993693, "price": 88350, "tid": 14477836, "type": "buy"}
{"amount": 0.015, "date": 1669993693, "price": 88365, "tid": 14477837, "type": "buy"}
{"amount": 0.00357861, "date": 1669993693, "price": 88370, "tid": 14477838, "type": "buy"}
{"amount": 4.742e-05, "date": 1669993693, "price": 88370, "tid": 14477839, "type": "buy"}
{"amount": 0.0388187, "date": 1669993705, "price": 88369.99999, "tid": 14477840, "type": "buy"}
{"amount": 0.00019743, "date": 1669993705, "price": 88370, "tid": 14477841, "type": "buy"}
{"amount": 0.01000474, "date": 1669993706, "price": 88370, "tid": 14477842, "type": "buy"}
{"amount": 0.0011718, "date": 1669993711, "price": 88370, "tid": 14477843, "type": "buy"}
{"amount": 0.0203, "date": 1669993730, "price": 88384.68766436, "tid": 14477844, "type": "sell"}
{"amount": 0.00426, "date": 1669993730, "price": 88384.68766435, "tid": 14477845, "type": "sell"}
{"amount": 0.16257286, "date": 1669993730, "price": 88383.58762, "tid": 14477846, "type": "sell"}
{"amount": 0.0058, "date": 1669993730, "price": 88383.5876081, "tid": 14477847, "type": "sell"}
{"amount": 0.0023, "date": 1669993730, "price": 88382.66689872, "tid": 14477848, "type": "sell"}
{"amount": 0.0032, "date": 1669993730, "price": 88382.6459361, "tid": 14477849, "type": "sell"}
{"amount": 0.00426, "date": 1669993730, "price": 88381.38982479, "tid": 14477850, "type": "sell"}
{"amount": 0.0078, "date": 1669993730, "price": 88349.13152405, "tid": 14477851, "type": "sell"}
{"amount": 0.0091, "date": 1669993730, "price": 88349.10734968, "tid": 14477852, "type": "sell"}
{"amount": 0.0669, "date": 1669993730, "price": 88348.68710794, "tid": 14477853, "type": "sell"}
{"amount": 0.0064, "date": 1669993730, "price": 88347.9653682, "tid": 14477854, "type": "sell"}
{"amount": 0.0109, "date": 1669993730, "price": 88323.30119565, "tid": 14477855, "type": "sell"}
{"amount": 0.01024, "date": 1669993730, "price": 88321.60486933, "tid": 14477856, "type": "sell"}
{"amount": 0.47660714, "date": 1669993730, "price": 88228.30234845, "tid": 14477857, "type": "sell"}
{"amount": 0.0001428, "date": 1669993750, "price": 88360.22805001, "tid": 14477858, "type": "sell"}
{"amount": 0.02021378, "date": 1669993774, "price": 88489.87873, "tid": 14477859, "type": "buy"}
{"amount": 0.01344626, "date": 1669993800, "price": 88494.55621027, "tid": 14477860, "type": "buy"}
{"amount": 0.00283, "date": 1669993807, "price": 88493.32014253, "tid": 14477861, "type": "buy"}
{"amount": 0.00847362, "date": 1669993807, "price": 88494.5562, "tid": 14477862, "type": "buy"}
{"amount": 0.0244, "date": 1669993824, "price": 88374.82330001, "tid": 14477863, "type": "sell"}
{"amount": 0.027192, "date": 1669993824, "price": 88374.8233, "tid": 14477864, "type": "sell"}
{"amount": 0.0018333, "date": 1669993833, "price": 88337.13832325, "tid": 14477865, "type": "sell"}
{"amount": 0.018, "date": 1669993836, "price": 88499.13930668, "tid": 14477866, "type": "buy"}
{"amount": 0.0057, "date": 1669993836, "price": 88499.13930669, "tid": 14477867, "type": "buy"}
{"amount": 0.01016828, "date": 1669993836, "price": 88499.39768062, "tid": 14477868, "type": "buy"}
{"amount": 0.00384146, "date": 1669993880, "price": 88507.92303999, "tid": 14477869, "type": "buy"}
{"amount": 0.0028028, "date": 1669993922, "price": 88501.50653263, "tid": 14477870, "type": "buy"}
{"amount": 0.01137449, "date": 1669993951, "price": 88531.42257232, "tid": 14477871, "type": "buy"}
{"amount": 2.259e-05, "date": 1669993962, "price": 88531.42257232, "tid": 14477872, "type": "buy"}
{"amount": 0.00116173, "date": 1669993978, "price": 88531.42256, "tid": 14477873, "type": "buy"}
{"amount": 0.00999586, "date": 1669993996, "price": 88531.42256, "tid": 14477874, "type": "buy"}
{"amount": 0.00279589, "date": 1669994011, "price": 88531.42256, "tid": 14477875, "type": "buy"}
{"amount": 0.00169117, "date": 1669994039, "price": 88531.42, "tid": 14477876, "type": "sell"}
{"amount": 0.00113834, "date": 1669994041, "price": 88531.42256, "tid": 14477877, "type": "buy"}
{"amount": 0.01130292, "date": 1669994048, "price": 88531.42257232, "tid": 14477878, "type": "buy"}
{"amount": 0.00010156, "date": 1669994068, "price": 88612.91605, "tid": 14477879, "type": "buy"}
{"amount": 0.00020883, "date": 1669994113, "price": 88531.42, "tid": 14477880, "type": "sell"}
{"amount": 0.00189, "date": 1669994113, "price": 88409.01986755, "tid": 14477881, "type": "sell"}
{"amount": 0.0183, "date": 1669994113, "price": 88405.06355335, "tid": 14477882, "type": "sell"}
{"amount": 0.00468, "date": 1669994113, "price": 88372.71998332, "tid": 14477883, "type": "sell"}
{"amount": 0.00129732, "date": 1669994113, "price": 88371.0585947, "tid": 14477884, "type": "sell"}
{"amount": 0.0014892, "date": 1669994114, "price": 88374.10885788, "tid": 14477885, "type": "sell"}
{"amount": 0.00187, "date": 1669994131, "price": 88382.08670331, "tid": 14477886, "type": "sell"}
{"amount": 0.00299, "date": 1669994131, "price": 88363.5426102, "tid": 14477887, "type": "sell"}
{"amount": 0.0037, "date": 1669994131, "price": 88362.06289762, "tid": 14477888, "type": "sell"}
{"amount": 0.00274, "date": 1669994131, "price": 88362.03261828, "tid": 14477889, "type": "sell"}
{"amount": 0.0387, "date": 1669994131, "price": 88357.69363529, "tid": 14477890, "type": "sell"}
{"amount": 0.01224351, "date": 1669994148, "price": 88365.2763, "tid": 14477891, "type": "sell"}
{"amount": 0.00033277, "date": 1669994155, "price": 88365.2763, "tid": 14477892, "type": "sell"}
{"amount": 6.587e-05, "date": 1669994202, "price": 88370.78941906, "tid": 14477893, "type": "sell"}
{"amount": 0.00028243, "date": 1669994236, "price": 88517.40565233, "tid": 14477894, "type": "buy"}
{"amount": 0.0029, "date": 1669994252, "price": 88507.24250632, "tid": 14477895, "type": "buy"}
{"amount": 0.00272, "date": 1669994252, "price": 88509.67268385, "tid": 14477896, "type": "buy"}
{"amount": 0.00027681, "date": 1669994257, "price": 88383.06090585, "tid": 14477897, "type": "sell"}
{"amount": 0.00047812, "date": 1669994312, "price": 88396.30069, "tid": 14477898, "type": "sell"}
{"amount": 0.00022175, "date": 1669994335, "price": 88396.30069, "tid": 14477899, "type": "sell"}
{"amount": 0.0029, "date": 1669994341, "price": 88516.08566147, "tid": 14477900, "type": "buy"}
{"amount": 0.00409, "date": 1669994341, "price": 88519.01552445, "tid": 14477901, "type": "buy"}
{"amount": 0.00522535, "date": 1669994341, "price": 88537.64676076, "tid": 14477902, "type": "buy"}
{"amount": 3.387e-05, "date": 1669994348, "price": 88548.3575919, "tid": 14477903, "type": "buy"}
{"amount": 0.00167714, "date": 1669994426, "price": 88552.38491291, "tid": 14477904, "type": "buy"}
{"amount": 0.00112908, "date": 1669994448, "price": 88567.42569835, "tid": 14477905, "type": "buy"}
{"amount": 0.00062203, "date": 1669994537, "price": 88433.2319, "tid": 14477906, "type": "sell"}
{"amount": 0.00055878, "date": 1669994586, "price": 88576.69613478, "tid": 14477907, "type": "buy"}
{"amount": 0.00112871, "date": 1669994589, "price": 88595.9849948, "tid": 14477908, "type": "buy"}
{"amount": 0.00011287, "date": 1669994590, "price": 88594.30556419, "tid": 14477909, "type": "buy"}
{"amount": 0.00112758, "date": 1669994593, "price": 88592.56981, "tid": 14477910, "type": "buy"}
{"amount": 0.00267, "date": 1669994606, "price": 88612.37728475, "tid": 14477911, "type": "buy"}
{"amount": 0.0029725, "date": 1669994606, "price": 88613.78665405, "tid": 14477912, "type": "buy"}
{"amount": 0.00071453, "date": 1669994651, "price": 88602.84255287, "tid": 14477913, "type": "buy"}
{"amount": 0.00279, "date": 1669994653, "price": 88601.11168493, "tid": 14477914, "type": "buy"}
{"amount": 0.00199547, "date": 1669994653, "price": 88602.84255287, "tid": 14477915, "type": "buy"}
{"amount": 0.00423, "date": 1669994653, "price": 88604.19997719, "tid": 14477916, "type": "buy"}
{"amount": 0.00114198, "date": 1669994653, "price": 88620.42956442, "tid": 14477917, "type": "buy"}
{"amount": 0.00197, "date": 1669994674, "price": 88491.84875422, "tid": 14477918, "type": "sell"}
{"amount": 0.00316, "date": 1669994674, "price": 88491.64675828, "tid": 14477919, "type": "sell"}
{"amount": 0.04432936, "date": 1669994674, "price": 88490.3737, "tid": 14477920, "type": "sell"}
{"amount": 0.00939955, "date": 1669994726, "price": 88628.42038, "tid": 14477921, "type": "buy"}
{"amount": 0.05960469, "date": 1669994740, "price": 88628.42038, "tid": 14477922, "type": "buy"}
{"amount": 0.04858054, "date": 1669994741, "price": 88628.42038, "tid": 14477923, "type": "buy"}
{"amount": 0.04182304, "date": 1669994741, "price": 88630.33652394, "tid": 14477924, "type": "buy"}
{"amount": 0.0005407, "date": 1669994745, "price": 88547.94324488, "tid": 14477925, "type": "sell"}
{"amount": 3.333e-05, "date": 1669994754, "price": 88555.51480549, "tid": 14477926, "type": "sell"}
{"amount": 0.0054598, "date": 1669994792, "price": 88630.33652394, "tid": 14477927, "type": "buy"}
{"amount": 0.01231716, "date": 1669994793, "price": 88630.33652394, "tid": 14477928, "type": "buy"}
{"amount": 2.26e-05, "date": 1669994896, "price": 88585.92846653, "tid": 14477929, "type": "sell"}
{"amount": 7.654e-05, "date": 1669994938, "price": 88603.12210001, "tid": 14477930, "type": "sell"}
{"amount": 0.00093366, "date": 1669995000, "price": 88635.9180518, "tid": 14477931, "type": "sell"}
{"amount": 0.00407, "date": 1669995083, "price": 88788.30971691, "tid": 14477932, "type": "buy"}
{"amount": 0.00150559, "date": 1669995083, "price": 88789.84021059, "tid": 14477933, "type": "buy"}
{"amount": 0.00087196, "date": 1669995277, "price": 88796.54893319, "tid": 14477934, "type": "buy"}
{"amount": 0.00033785, "date": 1669995292, "price": 88796.54893319, "tid": 14477935, "type": "buy"}
{"amount": 0.00225236, "date": 1669995317, "price": 88795.53224982, "tid": 14477936, "type": "buy"}
{"amount": 0.00055774, "date": 1669995323, "price": 88735.79025, "tid": 14477937, "type": "sell"}
{"amount": 0.00263575, "date": 1669995342, "price": 88672.27211, "tid": 14477938, "type": "sell"}
{"amount": 0.00338024, "date": 1669995376, "price": 88750.84039723, "tid": 14477939, "type": "buy"}
{"amount": 0.00208, "date": 1669995492, "price": 88662.88499577, "tid": 14477940, "type": "sell"}
{"amount": 0.00052, "date": 1669995492, "price": 88661.04658947, "tid": 14477941, "type": "sell"}
{"amount": 0.00056308, "date": 1669995503, "price": 88796.54892, "tid": 14477942, "type": "buy"}
{"amount": 0.00207136, "date": 1669995505, "price": 88796.54892, "tid": 14477943, "type": "buy"}
{"amount": 0.01190722, "date": 1669995505, "price": 88796.54893319, "tid": 14477944, "type": "buy"}
{"amount": 0.00066548, "date": 1669995516, "price": 88681.7487026, "tid": 14477945, "type": "sell"}
{"amount": 7.396e-05, "date": 1669995522, "price": 88796.54893319, "tid": 14477946, "type": "buy"}
{"amount": 0.00095161, "date": 1669995640, "price": 88796.54893319, "tid": 14477947, "type": "buy"}
{"amount": 0.00196, "date": 1669995692, "price": 88759.81045501, "tid": 14477948, "type": "sell"}
{"amount": 0.00052221, "date": 1669995692, "price": 88759.69331273, "tid": 14477949, "type": "sell"}
{"amount": 0.00011037, "date": 1669995704, "price": 88796.54893319, "tid": 14477950, "type": "buy"}
{"amount": 0.00112174, "date": 1669995752, "price": 88755.58919938, "tid": 14477951, "type": "sell"}
{"amount": 0.00664703, "date": 1669995794, "price": 88796.54893319, "tid": 14477952, "type": "buy"}
{"amount": 0.00020106, "date": 1669995848, "price": 88927.27938832, "tid": 14477953, "type": "buy"}
{"amount": 0.00258, "date": 1669995867, "price": 88913.36932008, "tid": 14477954, "type": "buy"}
{"amount": 0.00396, "date": 1669995867, "price": 88914.51931527, "tid": 14477955, "type": "buy"}
{"amount": 0.0256458, "date": 1669995867, "price": 88914.57344013, "tid": 14477956, "type": "buy"}
{"amount": 0.00545, "date": 1669995867, "price": 88946.04390474, "tid": 14477957, "type": "buy"}
{"amount": 0.00639, "date": 1669995867, "price": 88946.41440322, "tid": 14477958, "type": "buy"}
{"amount": 0.06841223, "date": 1669995867, "price": 88947.43834, "tid": 14477959, "type": "buy"}
{"amount": 0.00096811, "date": 1669995919, "price": 88946.09154068, "tid": 14477960, "type": "buy"}
{"amount": 0.00212, "date": 1669995948, "price": 88830.22745457, "tid": 14477961, "type": "sell"}
{"amount": 0.27674542, "date": 1669995948, "price": 88828.75296988, "tid": 14477962, "type": "sell"}
{"amount": 0.00111275, "date": 1669995977, "price": 88977.33615507, "tid": 14477963, "type": "buy"}
{"amount": 0.00209, "date": 1669996027, "price": 88885.07035151, "tid": 14477964, "type": "sell"}
{"amount": 0.00304, "date": 1669996027, "price": 88876.23737397, "tid": 14477965, "type": "sell"}
{"amount": 0.00214, "date": 1669996027, "price": 88870.16267708, "tid": 14477966, "type": "sell"}
{"amount": 0.00507, "date": 1669996027, "price": 88869.29649087, "tid": 14477967, "type": "sell"}
{"amount": 0.00301, "date": 1669996027, "price": 88867.63277307, "tid": 14477968, "type": "sell"}
{"amount": 0.00051603, "date": 1669996094, "price": 88981.88843486, "tid": 14477969, "type": "buy"}
{"amount": 0.00259, "date": 1669996164, "price": 88932.78146412, "tid": 14477970, "type": "buy"}
{"amount": 0.00402, "date": 1669996164, "price": 88955.79200462, "tid": 14477971, "type": "buy"}
{"amount": 0.00455349, "date": 1669996164, "price": 88956.27950262, "tid": 14477972, "type": "buy"}
{"amount": 0.00105329, "date": 1669996212, "price": 88823.46756652, "tid": 14477973, "type": "sell"}
{"amount": 9.044e-05, "date": 1669996245, "price": 89000, "tid": 14477974, "type": "buy"}
{"amount": 0.00168539, "date": 1669996250, "price": 89000, "tid": 14477975, "type": "buy"}
{"amount": 0.00214, "date": 1669996262, "price": 88878.67769479, "tid": 14477976, "type": "sell"}
{"amount": 0.00346719, "date": 1669996262, "price": 88873.02363297, "tid": 14477977, "type": "sell"}
{"amount": 0.003, "date": 1669996316, "price": 88935.40252742, "tid": 14477978, "type": "sell"}
{"amount": 0.0046004, "date": 1669996316, "price": 88934.4715, "tid": 14477979, "type": "sell"}
{"amount": 1e-05, "date": 1669996325, "price": 88999.99, "tid": 14477980, "type": "buy"}
{"amount": 0.00881674, "date": 1669996325, "price": 89000, "tid": 14477981, "type": "buy"}
{"amount": 0.00022471, "date": 1669996360, "price": 89000, "tid": 14477982, "type": "buy"}
{"amount": 1.932e-05, "date": 1669996365, "price": 89000, "tid": 14477983, "type": "buy"}
{"amount": 0.00349382, "date": 1669996372, "price": 89000, "tid": 14477984, "type": "buy"}
{"amount": 0.00028089, "date": 1669996421, "price": 89000, "tid": 14477985, "type": "buy"}
{"amount": 0.01643869, "date": 1669996433, "price": 89000, "tid": 14477986, "type": "buy"}
{"amount": 1e-05, "date": 1669996433, "price": 89000, "tid": 14477987, "type": "buy"}
{"amount": 1e-05, "date": 1669996433, "price": 89000, "tid": 14477988, "type": "buy"}
{"amount": 1.16e-06, "date": 1669996433, "price": 89000.01, "tid": 14477989, "type": "buy"}
{"amount": 1e-05, "date": 1669996455, "price": 89000, "tid": 14477990, "type": "buy"}
{"amount": 8.84e-06, "date": 1669996457, "price": 89000.01, "tid": 14477991, "type": "buy"}
{"amount": 0.0308, "date": 1669996490, "price": 89100, "tid": 14477992, "type": "buy"}
{"amount": 1e-05, "date": 1669996490, "price": 89100, "tid": 14477993, "type": "buy"}
{"amount": 1e-05, "date": 1669996506, "price": 89150, "tid": 14477994, "type": "buy"}
{"amount": 0.00078387, "date": 1669996506, "price": 89178.8999, "tid": 14477995, "type": "buy"}
{"amount": 0.00032743, "date": 1669996506, "price": 89190.05130213, "tid": 14477996, "type": "buy"}
{"amount": 0.00021362, "date": 1669996507, "price": 89188.44230869, "tid": 14477997, "type": "buy"}
{"amount": 0.00028027, "date": 1669996546, "price": 89197.06963694, "tid": 14477998, "type": "buy"}
{"amount": 0.00246973, "date": 1669996547, "price": 89197.06963694, "tid": 14477999, "type": "buy"}
{"amount": 0.00413, "date": 1669996547, "price": 89198.22038226, "tid": 14478000, "type": "buy"}
{"amount": 0.00267, "date": 1669996547, "price": 89198.76881751, "tid": 14478001, "type": "buy"}
{"amount": 0.00194123, "date": 1669996547, "price": 89200, "tid": 14478002, "type": "buy"}
{"amount": 0.00015428, "date": 1669996602, "price": 89179.75, "tid": 14478003, "type": "buy"}
{"amount": 0.00546234, "date": 1669996602, "price": 89200, "tid": 14478004, "type": "buy"}
{"amount": 0.00133197, "date": 1669996626, "price": 89200, "tid": 14478005, "type": "buy"}
{"amount": 0.00047331, "date": 1669996686, "price": 89069.75621412, "tid": 14478006, "type": "sell"}
{"amount": 0.00268, "date": 1669996706, "price": 89194.4612726, "tid": 14478007, "type": "buy"}
{"amount": 0.00394, "date": 1669996706, "price": 89195.29245669, "tid": 14478008, "type": "buy"}
{"amount": 0.00386, "date": 1669996706, "price": 89197.11838674, "tid": 14478009, "type": "buy"}
{"amount": 0.01445331, "date": 1669996706, "price": 89200, "tid": 14478010, "type": "buy"}
{"amount": 0.00166534, "date": 1669996755, "price": 89179.6697822, "tid": 14478011, "type": "buy"}
{"amount": 0.0005608, "date": 1669996810, "price": 89158.22780841, "tid": 14478012, "type": "buy"}
{"amount": 5.181e-05, "date": 1669996837, "price": 89022.57991, "tid": 14478013, "type": "sell"}
{"amount": 5.361e-05, "date": 1669996884, "price": 89022.64091098, "tid": 14478014, "type": "sell"}
{"amount": 0.0011723, "date": 1669996886, "price": 89022.64092, "tid": 14478015, "type": "sell"}
{"amount": 0.00101096, "date": 1669997033, "price": 89024.13049592, "tid": 14478016, "type": "buy"}
{"amount": 0.00538232, "date": 1669997074, "price": 89000, "tid": 14478017, "type": "sell"}
{"amount": 0.00112327, "date": 1669997086, "price": 89025.67101232, "tid": 14478018, "type": "buy"}
{"amount": 0.00023565, "date": 1669997088, "price": 89000, "tid": 14478019, "type": "sell"}
{"amount": 0.02807602, "date": 1669997088, "price": 88914.32000001, "tid": 14478020, "type": "sell"}
{"amount": 0.05, "date": 1669997088, "price": 88914.32, "tid": 14478021, "type": "sell"}
{"amount": 0.01018449, "date": 1669997088, "price": 88914.3, "tid": 14478022, "type": "sell"}
{"amount": 0.00012359, "date": 1669997106, "price": 89003.26286033, "tid": 14478023, "type": "buy"}
{"amount": 0.00056166, "date": 1669997137, "price": 89020.43477326, "tid": 14478024, "type": "buy"}
{"amount": 5.617e-05, "date": 1669997148, "price": 89011.56343, "tid": 14478025, "type": "buy"}
{"amount": 0.00032838, "date": 1669997150, "price": 89010.1275653, "tid": 14478026, "type": "buy"}
{"amount": 0.00111257, "date": 1669997174, "price": 88991.40040788, "tid": 14478027, "type": "buy"}
{"amount": 0.00140695, "date": 1669997186, "price": 88986.29061927, "tid": 14478028, "type": "buy"}
{"amount": 0.0005407, "date": 1669997222, "price": 88879.1591, "tid": 14478029, "type": "sell"}
{"amount": 0.01123794, "date": 1669997236, "price": 88984.27463, "tid": 14478030, "type": "buy"}
{"amount": 0.00317, "date": 1669997245, "price": 88874.54432499, "tid": 14478031, "type": "sell"}
{"amount": 0.00080297, "date": 1669997245, "price": 88873.64594479, "tid": 14478032, "type": "sell"}
{"amount": 0.020514, "date": 1669997288, "price": 88856.39411, "tid": 14478033, "type": "sell"}
{"amount": 0.00088141, "date": 1669997299, "price": 88957.19580347, "tid": 14478034, "type": "buy"}
{"amount": 0.00112423, "date": 1669997398, "price": 88949.14676515, "tid": 14478035, "type": "buy"}
{"amount": 0.00052749, "date": 1669997531, "price": 88801.28485698, "tid": 14478036, "type": "sell"}
{"amount": 0.00025, "date": 1669997547, "price": 88752, "tid": 14478037, "type": "sell"}
{"amount": 0.00326, "date": 1669997547, "price": 88748.0473632, "tid": 14478038, "type": "sell"}
{"amount": 0.00227, "date": 1669997547, "price": 88743.79291396, "tid": 14478039, "type": "sell"}
{"amount": 0.0221292, "date": 1669997547, "price": 88742.8, "tid": 14478040, "type": "sell"}
{"amount": 0.00378, "date": 1669997607, "price": 88867.8345922, "tid": 14478041, "type": "buy"}
{"amount": 0.00494, "date": 1669997607, "price": 88867.97804177, "tid": 14478042, "type": "buy"}
{"amount": 0.02168105, "date": 1669997607, "price": 88868.87539, "tid": 14478043, "type": "buy"}
{"amount": 0.00399, "date": 1669997607, "price": 88868.87540043, "tid": 14478044, "type": "buy"}
{"amount": 0.02899326, "date": 1669997607, "price": 88869.02885, "tid": 14478045, "type": "buy"}
{"amount": 0.0112545, "date": 1669997645, "price": 88853.30821, "tid": 14478046, "type": "buy"}
{"amount": 0.00257, "date": 1669997698, "price": 88838.70983235, "tid": 14478047, "type": "buy"}
{"amount": 0.00080689, "date": 1669997698, "price": 88840.4526377, "tid": 14478048, "type": "buy"}
{"amount": 0.00084, "date": 1669997766, "price": 88949.81052743, "tid": 14478049, "type": "buy"}
{"amount": 0.00071, "date": 1669997781, "price": 88806.78506522, "tid": 14478050, "type": "sell"}
{"amount": 4.811e-05, "date": 1669997814, "price": 88831.17285275, "tid": 14478051, "type": "sell"}
{"amount": 0.00103574, "date": 1669997818, "price": 88968.65805356, "tid": 14478052, "type": "buy"}
{"amount": 7.842e-05, "date": 1669997874, "price": 88830.12715453, "tid": 14478053, "type": "sell"}
{"amount": 0.00038575, "date": 1669997875, "price": 88975.63880188, "tid": 14478054, "type": "buy"}
{"amount": 0.00058992, "date": 1669997952, "price": 88968.02820798, "tid": 14478055, "type": "buy"}
{"amount": 0.07690781, "date": 1669998040, "price": 88997.98215, "tid": 14478056, "type": "buy"}
{"amount": 0.00246, "date": 1669998043, "price": 88996.90727458, "tid": 14478057, "type": "buy"}
{"amount": 0.00381, "date": 1669998043, "price": 88997.53127202, "tid": 14478058, "type": "buy"}
{"amount": 0.04991109, "date": 1669998043, "price": 88997.98215, "tid": 14478059, "type": "buy"}
{"amount": 0.00249, "date": 1669998044, "price": 88995.14466469, "tid": 14478060, "type": "buy"}
{"amount": 0.00312822, "date": 1669998044, "price": 88996.90722, "tid": 14478061, "type": "buy"}
{"amount": 1e-05, "date": 1669998053, "price": 88863.6465, "tid": 14478062, "type": "sell"}
{"amount": 1e-05, "date": 1669998061, "price": 88869.1693897, "tid": 14478063, "type": "sell"}
{"amount": 1e-05, "date": 1669998108, "price": 88950, "tid": 14478064, "type": "buy"}
{"amount": 0.00066395, "date": 1669998108, "price": 89028.12, "tid": 14478065, "type": "buy"}
{"amount": 0.06692267, "date": 1669998126, "price": 89028.12, "tid": 14478066, "type": "buy"}
{"amount": 0.01, "date": 1669998295, "price": 88934.0682, "tid": 14478067, "type": "sell"}
{"amount": 0.00218, "date": 1669998295, "price": 88934.05824491, "tid": 14478068, "type": "sell"}
{"amount": 0.00327, "date": 1669998295, "price": 88932.80679198, "tid": 14478069, "type": "sell"}
{"amount": 0.00237, "date": 1669998295, "price": 88931.8627908, "tid": 14478070, "type": "sell"}
{"amount": 0.00473011, "date": 1669998295, "price": 88922.36632, "tid": 14478071, "type": "sell"}
{"amount": 0.0001, "date": 1669998343, "price": 89028.12, "tid": 14478072, "type": "sell"}
{"amount": 0.00039304, "date": 1669998418, "price": 89048.87820401, "tid": 14478073, "type": "buy"}
{"amount": 0.00110796, "date": 1669998520, "price": 89028.12, "tid": 14478074, "type": "sell"}
{"amount": 0.00055031, "date": 1669998527, "price": 89048.87527, "tid": 14478075, "type": "buy"}
{"amount": 1e-05, "date": 1669998632, "price": 89028.12, "tid": 14478076, "type": "sell"}
{"amount": 0.00215434, "date": 1669998633, "price": 89028.12, "tid": 14478077, "type": "sell"}
{"amount": 0.00254, "date": 1669998729, "price": 88882.70539042, "tid": 14478078, "type": "buy"}
{"amount": 0.00308536, "date": 1669998729, "price": 88883.38026663, "tid": 14478079, "type": "buy"}
{"amount": 0.00045954, "date": 1669998784, "price": 88849.26946, "tid": 14478080, "type": "buy"}
{"amount": 0.00246, "date": 1669998806, "price": 88844.51305249, "tid": 14478081, "type": "buy"}
{"amount": 0.00376, "date": 1669998806, "price": 88875.36504556, "tid": 14478082, "type": "buy"}
{"amount": 0.00466, "date": 1669998806, "price": 88875.8671685, "tid": 14478083, "type": "buy"}
{"amount": 0.00037235, "date": 1669998806, "price": 88918.69185938, "tid": 14478084, "type": "buy"}
{"amount": 0.00224945, "date": 1669998823, "price": 88910.56714794, "tid": 14478085, "type": "buy"}
{"amount": 0.00227, "date": 1669998839, "price": 88901.21089822, "tid": 14478086, "type": "buy"}
{"amount": 0.00227, "date": 1669998839, "price": 88902.66364226, "tid": 14478087, "type": "buy"}
{"amount": 0.00108416, "date": 1669998839, "price": 88903.03170325, "tid": 14478088, "type": "buy"}
{"amount": 0.00242, "date": 1669998856, "price": 88895.29698843, "tid": 14478089, "type": "buy"}
{"amount": 0.09112229, "date": 1669998856, "price": 88896.75242, "tid": 14478090, "type": "buy"}
{"amount": 0.00059067, "date": 1669998884, "price": 88797.43384619, "tid": 14478091, "type": "sell"}
{"amount": 0.00120813, "date": 1669998900, "price": 88804.72458357, "tid": 14478092, "type": "sell"}
